3234 5192
316 368 551 410 msru‘r.
582 354 721 427 iun]
862 368 943 410 ns
972 366 1463 410 sansacu-roms
1491 364 1736 408 cunrs‘n
1767 365 2187 408 NECESSITATE.
2603 355 2716 414 421

308 519 427 570 met
454 512 679 589 magis3
726 511 875 570 Nam
924 511 973 570 si
1016 531 1120 589 per
1162 509 1335 568 fidem
1366 509 1575 568 salvati
1608 517 1762 584 sunt,
1809 529 1877 566 eo
1923 508 2049 585 ipso
2079 517 2136 568 et
2165 519 2396 587 propter
2425 509 2718 570 Christum

308 593 548 668 ejusque
578 591 1044 666 satisfactionem,
1075 592 1199 650 haec
1249 591 1401 650 enim
1432 587 1725 648 indivulso
1773 608 1930 646 nexu
1957 589 2108 650 inter
2135 609 2198 648 se
2227 592 2534 667 conjuncta
2563 600 2713 666 sunt,

308 691 415 730 nec
442 671 587 732 fides
628 673 749 730 ulla
784 671 911 730 dari
957 679 1150 749 potest
1186 690 1324 730 vera
1366 670 1481 728 nisi
1506 688 1648 745 quae
1671 668 1962 727 Christum
1995 669 2334 728 crucifixum
2371 671 2644 748 intuetur,
2681 674 2710 730 1

310 750 439 810 Cor.
463 752 521 810 ii.
567 757 621 826 2,
657 753 825 810 Rom.
872 754 951 812 iv.
1002 753 1097 826 25,
1147 751 1301 810 unde
1352 749 1658 826 coquitione
1701 749 1792 806 sui
1820 750 2233 828 justificaturus
2261 750 2473 810 dicitur
2499 751 2714 812 electos

306 831 437 908 Dei,
464 832 579 893 Isa.
601 832 706 890 liii.
730 832 823 891 11.
838 833 915 892 Et
938 851 1073 890 sane
1096 839 1367 890 constans
1388 837 1477 888 est
1499 829 1808 906 Scripturae
1831 829 2114 888 sententia
2135 830 2378 889 eundem
2402 831 2572 889 nobis
2593 851 2712 890 om·

304 911 477 971 nibus
498 921 618 972 tam
648 912 755 972 sub
784 913 920 972 Vet.
950 931 1121 989 quam
1160 911 1269 970 sub
1301 911 1470 969 Novo
1498 909 1868 968 Testamento
1899 909 2281 968 Mediatorem
2307 910 2486 970 fuisse
2515 909 2712 970 datum

306 1010 513 1069 nempe
563 993 872 1067 Christum,
924 991 1163 1050 eandem
1216 991 1419 1050 salutis
1448 1009 1680 1050 causam
1709 989 1834 1066 ejus
1863 989 2220 1066 sanguinem,
2251 990 2406 1049 idem
2433 990 2711 1068 receptio·

306 1072 399 1130 nis
444 1092 701 1149 organon
750 1072 942 1147 fidem,
974 1071 1215 1132 eandem
1260 1070 1425 1147 regni
1454 1068 1706 1128 coelestis
1733 1069 1888 1126 viam
1919 1069 2377 1130 conformitatem
2405 1091 2535 1131 cum
2563 1070 2708 1148 ipsc,

307 1152 555 1211 eundem
568 1152 861 1212 felicitatis
886 1163 1115 1230 portum
1144 1159 1203 1210 et
1230 1151 1555 1224 terminum,
1582 1149 1731 1206 Coeli
1769 1148 1952 1226 ipsius
1981 1150 2374 1210 haereditatem
2405 1169 2575 1228 quam
2607 1171 2708 1210 no-

304 1231 396 1290 bis
413 1233 667 1308 paravit:
685 1252 872 1309 neque
887 1233 1022 1307 Isa„
1044 1231 1387 1308 “conjectus
1408 1230 1469 1288 in
1478 1249 1611 1288 eum
1629 1228 1806 1288 fuisse
1827 1228 2161 1306 iniquitates
2173 1231 2429 1289 omnium
2449 1239 2710 1290 nostrum

305 1318 365 1370 et
386 1311 823 1388 castigationem
844 1312 1005 1388 pacis
1025 1318 1236 1370 nostrae
1252 1309 1501 1387 positam
1522 1327 1694 1386 super
1721 1308 1969 1386 ipsum,''
1995 1309 2186 1368 dicere
2205 1317 2418 1386 posset,
2449 1331 2573 1388 cap.
2603 1311 2708 1370 liii.

308 1393 363 1466 6,
390 1392 445 1465 8,
470 1411 577 1450 nec
602 1392 834 1466 Paulus,
868 1393 903 1424 “
924 1391 1095 1450 unica
1112 1389 1404 1450 oblatione
1424 1407 1789 1448 consecrasse
1807 1388 1868 1446 in
1887 1397 2227 1466 perpetuum
2249 1409 2350 1448 eos
2371 1389 2469 1466 qui
2497 1390 2711 1450 sancti-

306 1470 697 1546 ficantur‚''ad
718 1471 869 1530 Heb.
896 1492 953 1530 x.
972 1474 1063 1546 14,
1091 1473 1197 1530 “et
1212 1478 1455 1530 mortem
1476 1469 1658 1546 ipsius
1670 1468 2050 1528 necessariam
2068 1467 2244 1528 fuisse
2265 1467 2342 1527 ad
2361 1469 2708 1548 redemptio-

304 1570 439 1610 nem
460 1550 827 1630 iniquitatum
850 1551 957 1610 sub
976 1551 1052 1610 V.
1067 1551 1195 1627 T.‚”
1220 1570 1345 1628 cap.
1368 1550 1448 1608 ix.
1476 1553 1567 1625 15,
1592 1569 1700 1608 nec
1718 1549 1762 1608 J
1765 1549 1876 1623 oh.,
1901 1551 2080 1606 “eum
2102 1568 2228 1608 esse
2244 1548 2708 1628 propitiationem

302 1650 423 1690 non
442 1631 615 1690 modo
632 1651 735 1708 pro
752 1631 1005 1709 peccatis
1021 1631 1233 1691 nostris
1244 1629 1351 1690 sed
1370 1638 1429 1691 et
1448 1629 1628 1690 totius
1638 1628 1896 1704 mundi,”
1915 1631 2042 1688 1¹⁸c.
2061 1629 2120 1688 ii.
2139 1649 2197 1688 v.
2228 1633 2283 1704 2,
2309 1629 2421 1688 nisi
2441 1629 2709 1690 meritum

302 1719 363 1772 et
389 1711 705 1772 satisfactio
742 1712 925 1790 ipsius
952 1731 1117 1790 aequa
1144 1710 1221 1770 ad
1246 1719 1521 1788 utrosque
1549 1710 1879 1787 pertineret,
1903 1707 2162 1787 fidesque
2184 1717 2444 1768 veterum
2469 1710 2709 1770 Patrum

302 1811 421 1850 non
474 1793 664 1852 minus
718 1812 891 1870 quam
948 1793 1403 1852 Christianorum
1459 1811 1529 1850 ea
1580 1789 1893 1866 niteretur3
1939 1788 2110 1864 Quod
2162 1796 2223 1848 et
2269 1809 2346 1850 ex
2393 1789 2710 1850 innumeris

302 1871 434 1930 aliis
460 1873 605 1931 locis
633 1873 683 1931 si
710 1873 773 1932 id
800 1892 954 1932 nunc
982 1891 1283 1949 ageremus
1312 1871 1544 1949 probari
1571 1869 1740 1930 facile
1768 1877 2002 1948 posset3
2048 1869 2198 1927 Nam
2227 1869 2279 1928 si
2305 1869 2478 1947 prisci
2505 1869 2708 1929 fideles

302 1951 511 2010 salvati
539 1961 691 2027 sunt,
720 1952 878 2029 quod
906 1952 1019 2011 Dei
1062 1952 1279 2010 veritas
1322 1950 1555 2010 credere
1604 1950 1837 2007 omnino
1865 1969 1972 2008 nos
1993 1949 2164 2026 jubet
2191 1958 2390 2008 contra
2422 1949 2708 2010 Servetia-

298 2050 503 2092 norum
548 2041 607 2091 et
658 2033 1095 2092 Socinianorum
1144 2031 1365 2104 deliria,
1415 2031 1614 2106 utique
1662 2049 1767 2107 per
1811 2028 2102 2088 Christum
2144 2027 2467 2090 debuerunt
2495 2029 2710 2090 salvari

301 2111 439 2187 quia
464 2113 527 2170 in
552 2112 715 2171 nullo
742 2113 858 2171 alio
880 2119 969 2170 est
996 2111 1170 2186 salus,
1204 2110 1340 2168 Act.
1361 2110 1441 2167 iv.
1476 2113 1569 2167 12.
1613 2109 1678 2167 Si
1697 2117 1981 2168 venerunt
2008 2107 2085 2166 ad
2106 2107 2355 2182 Patrem,
2385 2108 2585 2184 utique
2607 2129 2710 2186 per

306 2191 615 2267 Christum,
664 2194 700 2223 “
720 2211 891 2250 nemo
914 2190 1069 2249 enim
1095 2189 1258 2248 venit
1284 2188 1360 2246 ad
1389 2188 1622 2248 Patrem
1651 2187 1763 2246 nisi
1789 2207 1894 2264 per
1940 2187 2190 2264 ipsum,''
2219 2188 2264 2247 J
2267 2188 2360 2246 oh.
2405 2187 2530 2245 xiv.
2581 2207 2702 2247 ver.

302 2271 357 2328 6.
407 2271 471 2330 Si
496 2278 735 2347 peccata
762 2289 959 2330 eorum
1002 2269 1231 2330 sublata
1257 2276 1393 2328 sunt
1418 2275 1479 2328 ct
1524 2267 1781 2342 remissa,
1811 2267 2010 2344 utique
2038 2286 2142 2346 per
2169 2275 2228 2326 et
2252 2273 2487 2344 propter
2515 2267 2709 2326 Chris-

300 2357 423 2408 tum
451 2350 511 2408 in
541 2369 711 2427 quem
760 2350 1050 2420 devoluta>
1100 2357 1237 2410 sunt
1271 2348 1527 2409 omnium
1557 2347 1908 2425 iniquitateS,
1941 2347 2038 2424 qui
2069 2355 2158 2407 est
2187 2349 2428 2426 “agnus
2458 2346 2568 2408 Dei
2597 2347 2705 2406 tol-

298 2430 427 2488 lens
456 2440 693 2507 peecata
720 2431 979 2506 mundi,''
1003 2431 1047 2491 J
1050 2431 1144 2490 oh.
1174 2431 1213 2490 i.
1244 2434 1340 2490 29.
1375 2429 1509 2490 Uno
1532 2429 1711 2489 verbo
1730 2429 1873 2488 fides
1902 2427 2162 2488 salvifica
2188 2427 2402 2506 pendet
2429 2447 2464 2486 a
2492 2426 2706 2486 foedere

299 2511 501 2586 gratiae
520 2512 659 2570 etin
687 2512 833 2572 illud
860 2511 1186 2588 resolvitur,
1216 2512 1315 2571 vel
1334 2518 1401 2570 ut
1428 2519 1517 2570 εει
1536 2511 1599 2568 in
1619 2511 1696 2569 V.
1718 2509 2065 2588 promissum
2093 2509 2190 2568 vel
2219 2509 2371 2568 utin
2400 2507 2473 2568 N.
2505 2507 2705 2568 Testa-

300 2601 495 2652 mento
548 2593 885 2668 revelatum,
943 2601 1004 2652 at
1058 2591 1247 2652 foedus
1299 2591 1448 2651 illud
1501 2599 1687 2650 totum
1729 2598 2288 2668 quantumquantum
2331 2596 2420 2648 est
2476 2588 2706 2648 Christo

298 2671 504 2732 nititur
546 2674 785 2750 ejusque
814 2681 999 2732 morte
1044 2680 1103 2732 et
1150 2673 1433 2750 sanguine
1462 2671 1746 2729 sancitum
1781 2679 1884 2742 est,
1917 2677 2087 2746 prout
2115 2678 2284 2728 vetus
2311 2676 2542 2746 pactum
2573 2687 2704 2726 san-

300 2752 475 2828 guine
506 2753 791 2829 pecudum
820 2762 879 2812 et
906 2754 1195 2812 hircorum
1224 2753 1623 2811 confirmatum
1665 2749 1790 2824 fuit,
1825 2748 1978 2808 Heb.
2010 2747 2110 2824 ix.,
2141 2747 2294 2806 unde
2321 2749 2372 2806 si
2399 2767 2504 2824 per
2530 2747 2705 2806 fidem

300 2831 547 2890 salutem
574 2833 871 2891 consecuti
898 2831 1171 2892 dicuntur
1196 2839 1405 2907 patres,
1437 2829 1671 2887 omnino
1691 2836 1749 2886 et
1774 2847 1878 2904 per
1906 2827 2216 2886 Christum.
2261 2825 2510 2884 Accedit
2531 2827 2704 2884 etiam

299 2911 459 2987 quod
506 2911 716 2989 Apost.
764 2911 904 2970 ibid.
957 2932 1006 2971 c.
1056 2911 1137 2968 xi.
1166 2929 1285 2967 non
1313 2909 1557 2968 obscure
1584 2907 1776 2983 qualis
1802 2905 1976 2964 fuerit
2002 2905 2104 2962 illa
2131 2913 2392 2964 veterum
2419 2904 2564 2962 fides
2585 2903 2702 2962 dis-

296 2990 497 3063 cribat,
530 3009 659 3047 cum
690 2990 771 3047 ait
790 3010 893 3066 per
920 3009 1047 3048 eam
1070 2989 1314 3065 justitiae
1337 3007 1437 3046 eos
1464 2985 1725 3044 haeredes
1754 2985 1937 3042 factos
1963 2983 2159 3058 fuisse,
2190 3001 2311 3043 ver.
2344 2987 2398 3059 7,
2429 2982 2704 3060 probrum

301 3068 515 3126 Christi
526 3068 811 3126 thesauris
826 3067 1199 3145 AEgyptiacis
1210 3065 1624 3144 anteposuisse,
1637 3083 1758 3123 ver.
1771 3066 1866 3138 26,
1878 3063 2287 3140 promissiones
2309 3062 2464 3139 ipsas
2488 3060 2704 3122 vidisse

298 3155 358 3205 et
384 3148 745 3225 amplexatos
774 3147 967 3222 fuisse,
999 3167 1117 3206 non
1146 3167 1283 3204 sane
1310 3165 1501 3204 rerum
1529 3153 1884 3204 terrenarum
1913 3152 1970 3201 et
1997 3142 2398 3220 temporalium
2427 3142 2702 3220 simplici·

298 3236 403 3301 ter,
452 3227 555 3288 sed
603 3227 929 3286 divinarum
978 3225 1261 3305 imprimis
1297 3235 1355 3286 et
1382 3224 1722 3300 coelestium,
1764 3221 2233 3301 quandoquidem
2261 3223 2552 3282 coelestem
2583 3223 2699 3282 hae-

296 3308 601 3369 reditatem
624 3307 894 3368 dicuntur
910 3317 1265 3384 expectasse,
1298 3325 1418 3364 ver.
1452 3307 1545 3364 10.
1593 3304 1868 3380 Deusque
1891 3323 2006 3362 non
2035 3302 2264 3363 erubuit
2288 3303 2487 3364 vocari
2509 3324 2704 3364 eorum

293 3391 469 3464 Deus,
502 3409 631 3466 quae
678 3388 927 3448 formula
953 3395 1043 3446 cst
1084 3386 1317 3446 foederis
1345 3384 1584 3464 gratuiti
1628 3384 1686 3442 in
1719 3384 1947 3442 Christo
1975 3383 2104 3442 initi
2131 3403 2260 3461 quae
2287 3383 2705 3462 pretiosissima

291 3488 534 3546 quaeque
564 3469 963 3546 complectitur
989 3465 1282 3542 beneficia,
1307 3486 1427 3525 ver.
1462 3469 1555 3540 13,
1589 3467 1683 3526 16.
1735 3465 1858 3523 Nec
1885 3463 1936 3523 si
1981 3467 2016 3496 “
2037 3463 2475 3542 promissionem
2503 3465 2703 3523 dicun-

292 3557 390 3608 tur
428 3568 547 3607 non
588 3549 965 3622 obtinuisse‚'’
1040 3568 1160 3606 ver.
1212 3550 1309 3623 39,
1361 3546 1636 3605 continuo
1691 3543 1968 3621 denegari
2021 3553 2212 3622 potest
2265 3545 2383 3603 illis
2433 3545 2702 3604 salutaris

296 3629 511 3686 Christi
565 3628 785 3688 notitiae
840 3627 1077 3702 fructuS,
1135 3628 1347 3705 quippe
1414 3627 1525 3685 hoc
1580 3625 1656 3684 ad
1710 3624 2094 3684 exhibitionem
2153 3624 2364 3683 Christi
2414 3625 2475 3682 in
2531 3644 2700 3682 carne

295 3727 469 3784 quam
518 3707 873 3784 temporibus
929 3709 1081 3768 Novi
1137 3707 1493 3766 Testamenti
1534 3706 1869 3766 reservabat
1909 3705 2070 3764 Deus
2108 3703 2320 3784 κςιῒττὸν
2360 3729 2408 3762 τι
2437 3707 2545 3784 mg)
2575 3705 2702 3778 aaz»

296 3785 711 3867 προβλιψάμινος
759 3789 1025 3866 pertinet,
1057 3809 1174 3846 non
1224 3788 1297 3847 ad
1347 3787 1712 3864 coquitionem
1757 3787 1942 3862 ipsam
1973 3785 2210 3864 ejusque
2232 3785 2353 3842 vim
2383 3782 2700 3842 salvificam

295 3887 468 3944 quam
491 3869 722 3927 omnino
744 3879 1106 3946 usurparunt,
1132 3888 1312 3945 eaque
1342 3869 1561 3944 seipsos
1590 3867 1652 3924 in
1672 3866 1879 3924 mediis
1909 3863 2178 3924 aerumnis
2207 3871 2340 3923 sunt
2369 3863 2539 3922 solati
2565 3886 2578 3922 :
2622 3863 2703 3938 fa,-

294 3957 421 4006 teor
442 3949 830 4025 cognitionem
858 3949 1015 4008 illam
1043 3950 1218 4026 longe
1248 3947 1634 4006 obscuriorem
1665 3945 1840 4006 fuisse
1869 3965 1986 4022 prae
2015 3945 2117 4002 illa
2145 3965 2260 4022 qua
2280 3943 2522 4002 fruimur
2548 3963 2701 4001 nunc

296 4029 405 4086 sub
426 4029 756 4106 evangelie,
784 4049 913 4088 cum
935 4030 1087 4089 enim
1110 4029 1255 4088 fides
1284 4036 1557 4104 sequatur
1578 4021 1946 4084 revelationis
1975 4043 2318 4098 mensuram,
2349 4023 2700 4082 revelatione

293 4108 485 4168 minus
514 4109 669 4167 clara
694 4109 885 4168 adhuc
912 4110 1215 4184 existente,
1248 4118 1305 4167 et
1334 4107 1509 4166 variis
1530 4115 1798 4182 typorum
1828 4112 1886 4164 et
1908 4103 2356 4162 ceremoniarum
2385 4101 2700 4162 involucris

294 4187 451 4266 (quae
480 4187 590 4248 fuit
617 4189 847 4248 illorum
868 4199 1188 4267 temporum
1216 4186 1389 4266 ratio)
1422 4186 1718 4264 implicita,
1747 4205 1862 4242 non
1886 4183 2072 4261 potuit
2089 4183 2234 4240 fides
2250 4183 2362 4240 nisi
2385 4183 2698 4242 subobscu-

292 4289 357 4326 ra
382 4268 573 4328 adhuc
602 4289 727 4328 esse
758 4278 816 4329 et
842 4269 1033 4328 minus
1062 4269 1321 4343 evidenS,
1352 4267 1454 4326 sed
1483 4267 1617 4326 talis
1657 4273 1780 4324 erat
1801 4273 1993 4323 tamen
2021 4270 2294 4339 tantaque
2324 4263 2446 4320 hoec
2475 4263 2697 4338 notitia,

290 4369 421 4425 quoe
450 4349 737 4408 sufficeret
780 4349 1041 4427 patribus
1089 4349 1231 4427 ipsis
1278 4347 1355 4406 ad
1400 4346 1647 4406 salutem
1691 4341 2164 4420 indipiscendam,
2202 4341 2339 4418 quia
2367 4362 2486 4400 rem
2515 4343 2698 4420 ipsam

288 4429 613 4489 luculenter
660 4429 801 4488 satis
850 4427 1247 4507 patefaciebat,
1300 4427 1411 4486 etsi
1458 4425 1694 4484 modum
1739 4431 1796 4482 ct
1843 4422 2214 4500 particulares
2243 4422 2701 4482 circumstantias

288 4509 545 4568 nondum
576 4529 865 4588 expresse,
898 4518 962 4569 ut
990 4509 1203 4566 factum
1224 4515 1427 4583 postea
1455 4505 1514 4562 in
1543 4513 1773 4578 eventu,
1800 4501 2134 4564 declararet.

374 4589 623 4648 XXIV.
689 4589 859 4663 Quod
912 4587 1077 4646 addit
1131 4587 1202 4645 de
1248 4587 1417 4646 Abele
1471 4585 1714 4662 ejusque
1768 4583 1882 4642 fide
1937 4602 2052 4640 non
2107 4583 2294 4660 magis
2347 4592 2534 4662 urget,
2583 4583 2699 4643 imo

288 4668 339 4728 si
390 4669 497 4728 rite
550 4690 673 4728 rem
728 4679 997 4748 putamus
1036 4687 1139 4744 pro
1168 4667 1337 4727 nobis
1380 4665 1532 4724 facit.
1620 4669 1700 4723 10.
1735 4664 1795 4722 Si
1825 4684 1927 4742 per
1956 4663 2126 4722 fidem
2156 4663 2366 4722 dicitur
2395 4663 2698 4744 placuISse,
