3234 5192
523 344 640 400 616
1061 361 1140 400 ns
1171 358 1666 401 sarlsrac'rioms
1695 359 1941 400 ernust-1
1976 358 2290 398 vnmurs.
2500 337 2768 418 [msrur.
2800 352 2939 421 iux.

521 501 818 560 moriendo
847 502 1096 562 animam
1123 503 1318 581 posuit
1343 523 1448 580 pro
1493 503 1679 578 nobis,
1712 504 1822 560 hoc
1850 510 1955 576 est,
1988 521 2105 560 non
2146 509 2371 558 tantum
2418 498 2737 557 doctrinam
2768 516 2943 555 suam

522 583 904 656 confirmavit,
935 583 1038 642 sed
1065 583 1193 642 loco
1221 603 1290 642 ac
1337 583 1466 642 vice
1517 592 1714 642 nostra
1750 603 1813 642 se
1856 579 2258 640 substituendo
2286 600 2391 658 pro
2419 579 2587 638 nobis
2631 577 2938 636 satisfecit.

523 660 792 720 Secunda
831 663 978 722 ratio
1029 663 1448 722 Adversarium
1498 663 1751 740 jugulat,
1804 681 1938 720 nam
1982 662 2033 720 si
2081 680 2253 737 super
2306 668 2491 719 morte
2546 667 2605 718 et
2648 657 2939 734 sanguine

526 741 740 800 Christi
792 744 1072 802 sancitum
1133 744 1208 803 sit
1255 764 1470 802 novum
1527 743 1733 818 foedus,
1778 742 1979 818 utique
2026 742 2088 798 in
2142 749 2325 799 morte
2391 739 2543 799 solvi
2590 738 2791 797 debuit
2840 737 2941 796 λῦ·

523 847 629 902 rgo·
657 842 759 898 pro
789 823 957 882 nobis
984 823 1260 899 debitum,
1291 832 1351 882 et
1379 824 1695 882 satisfactio
1718 823 1962 900 justitiae
1991 821 2205 879 divinae
2233 841 2365 897 quae
2384 819 2618 879 foederis
2644 818 2812 876 istius
2825 817 2945 876 fuit

523 901 958 961 fundamentum
983 925 998 978 3
1049 923 1166 962 non
1193 904 1380 980 potuit
1407 905 1560 962 enim
1586 904 1747 962 Deus
1794 904 1855 960 in
1899 902 2143 979 gratiam
2174 901 2361 960 redire
2388 920 2519 958 cum
2554 907 2833 973 creatura,
2864 897 2955 955 il·-

521 981 753 1058 lamque
781 982 843 1040 in
870 983 1328 1043 communionem
1357 983 1590 1042 foederis
1617 983 1887 1061 recipere,
1918 983 2031 1040 nisi
2058 981 2217 1058 prius
2236 981 2481 1058 justitiae
2530 999 2659 1056 quae
2694 986 2940 1056 peccato

521 1061 662 1120 laesa
682 1062 868 1121 fuerat
893 1063 1070 1140 probe
1099 1063 1326 1122 litatum
1349 1072 1519 1138 esset,
1553 1063 1645 1140 (ut
1663 1072 1957 1122 ostensum
1986 1063 2095 1121 fuit
2122 1062 2181 1119 in
2212 1062 2442 1138 Disput.
2472 1060 2545 1118 de
2574 1059 2937 1118 Necessitate

523 1141 978 1222 satisfactionis),
1004 1143 1080 1202 ad
1108 1144 1274 1219 cujus
1302 1143 1797 1203 adumbrationem
1822 1145 1983 1201 Deus
2012 1141 2353 1218 sanguinem
2374 1139 2636 1198 adhiberi
2654 1138 2845 1197 voluit
2861 1138 2941 1196 ad

523 1221 758 1280 foederis
802 1223 1024 1300 antiqui
1069 1223 1575 1299 confirmationem,
1625 1223 1815 1282 Exod.
1864 1223 2047 1296 xxiv„
2100 1223 2253 1280 Heb.
2302 1221 2383 1280 ix.
2427 1221 2649 1279 Verum
2696 1219 2935 1295 quidem

524 1302 794 1361 victimas
815 1304 988 1361 etiam
1003 1303 1195 1362 locum
1213 1304 1484 1363 habuisse
1503 1305 1563 1361 in
1591 1303 1903 1363 foederibus
1922 1303 2188 1361 humanis
2206 1301 2549 1374 sanciendis,
2578 1299 2733 1358 unde
2762 1299 2937 1376 phra-

527 1383 608 1440 sis
631 1391 756 1440 orta
757 1384 944 1457 ferire
955 1387 1148 1455 foedus
1175 1404 1212 1442 a
1237 1383 1512 1442 feriendis
1539 1385 1792 1442 victimis
1814 1383 1889 1440 ad
1916 1384 2189 1460 majorem
2212 1381 2615 1440 certitudinem
2642 1389 2701 1438 et
2727 1399 2931 1456 peren-

525 1462 765 1520 nitatem
794 1463 867 1521 ab
895 1473 1136 1540 utraque
1166 1464 1625 1522 contrahentium
1656 1472 1814 1541 parte
1864 1461 2316 1536 contestandum,
2348 1463 2429 1520 ita
2456 1459 2777 1519 feriendum
2804 1479 2934 1518 esse

525 1541 798 1600 docentes
827 1563 955 1600 eum
985 1544 1086 1619 qui
1127 1544 1346 1620 primus
1372 1543 1713 1621 foedifragus
1740 1543 1959 1612 fuisset,
2010 1543 2083 1600 de
2111 1562 2227 1619 quo
2254 1542 2371 1600 ritu
2411 1540 2545 1599 vide
2576 1539 2805 1598 Livium
2830 1539 2934 1598 lib.

525 1622 582 1694 i.‚
613 1621 712 1697 qui
735 1621 1038 1680 formulam
1060 1622 1292 1681 foederis
1315 1623 1701 1700 antiquissimi
1722 1623 1871 1681 inter
1904 1624 1969 1681 P.
2005 1622 2075 1680 R.
2106 1632 2165 1681 et
2196 1622 2416 1698 Regem
2442 1621 2801 1678 Albanorum
2832 1619 2934 1678 icti

524 1700 804 1759 latissime
827 1703 1206 1778 persequitur,
1238 1711 1296 1761 et
1323 1703 1557 1778 Virgi1.,
1589 1703 1691 1761 lib.
1720 1703 1842 1762 viii.
1873 1701 2129 1778 AEneid.‚
2167 1701 2324 1760 Suet.
2356 1701 2415 1758 in
2445 1700 2647 1759 Claud.
2678 1719 2801 1777 cap.
2832 1702 2933 1758 35.

531 1779 647 1838 Sed
665 1800 698 1837 a
720 1780 1031 1840 foederibus
1058 1782 1326 1840 humanis
1347 1781 1422 1840 ad
1443 1782 1705 1840 divinum
1736 1782 2125 1858 argumentari
2146 1783 2278 1858 quis
2299 1782 2442 1840 velit
2457 1784 2485 1840 ¹?
2526 1781 2777 1839 maxime
2800 1799 2934 1837 cum

525 1858 910 1919 inconstantia
931 1869 990 1919 et
1017 1861 1372 1919 mutabilitas
1395 1861 1606 1938 quaein
1623 1863 1891 1920 humanis
1913 1860 2079 1920 facile
2100 1863 2291 1920 locum
2318 1861 2510 1936 habet,
2542 1861 2616 1918 ab
2644 1859 2755 1918 hoc
2774 1859 2937 1935 quod

523 1958 560 1996 a
591 1939 716 1997 Deo
744 1941 1034 2018 pangitur,
1065 1949 1124 2000 et
1151 1942 1212 1998 in
1239 1961 1307 1999 eo
1337 1941 1459 2000 solo
1504 1950 1690 2001 totum
1719 1940 2009 2018 fundatur,
2038 1942 2239 2018 procul
2276 1940 2625 2000 removenda
2652 1941 2744 2014 sit,
2775 1939 2933 1998 idco—

525 2039 636 2096 que
665 2021 1002 2096 sanguinem
1027 2021 1288 2080 adhiberi
1317 2021 1392 2080 ad
1429 2021 1809 2081 constantiam
1838 2022 1988 2080 hanc
2017 2022 2340 2081 testandam
2368 2041 2603 2080 necesse
2630 2019 2777 2077 nihil
2804 2018 2934 2078 fuit.

527 2099 681 2174 Quid
708 2104 892 2178 ergo?
933 2101 1008 2160 ad
1037 2101 1178 2160 iram
1209 2102 1334 2179 ejus
1381 2101 1721 2180 placandam
1770 2101 1987 2162 effusus
2014 2111 2120 2177 est,
2152 2101 2252 2178 qui
2292 2101 2424 2159 finis
2472 2101 2795 2178 praecipuus
2822 2099 2935 2159 fuit

527 2180 954 2240 sacrificiorum.
1019 2183 1216 2259 Atque
1243 2182 1379 2241 hinc
1407 2191 1568 2261 patet
1593 2202 1709 2259 quo
1740 2203 1913 2242 sensu
1940 2182 2167 2241 dicatur
2210 2182 2307 2240 via
2334 2201 2436 2258 per
2464 2181 2803 2258 sanguinem
2830 2179 2934 2238 de·—

523 2259 731 2334 dicata,
765 2261 918 2320 Heb.
951 2282 1010 2320 x.
1041 2265 1136 2336 20,
1167 2282 1286 2320 non
1313 2270 1534 2323 tantum
1575 2264 1713 2339 quia
1739 2283 1866 2322 eam
1894 2282 2000 2321 suo
2037 2263 2304 2339 exemplo
2333 2261 2503 2320 nobis
2529 2267 2933 2338 praemonstra-

522 2341 628 2413 vit,
659 2340 764 2398 sed
792 2341 928 2416 quia
955 2360 1082 2399 eam
1129 2342 1334 2400 merito
1363 2361 1468 2400 suo
1515 2343 1755 2420 aperuit,
1787 2362 1921 2400 nam
1965 2351 2097 2401 ante
2142 2343 2268 2418 ejus
2304 2350 2547 2399 mortem
2575 2341 2673 2398 via
2728 2339 2936 2398 salutis

523 2427 646 2476 erat
700 2420 869 2494 plane
925 2420 1101 2493 invia,
1133 2424 1322 2501 οὖςινὶς
1350 2427 1560 2496 ἄβατος,
1607 2422 1855 2480 ,Iustitia
1906 2422 2017 2480 Dei
2044 2421 2263 2481 aditum
2292 2421 2546 2499 paradisi
2600 2419 2798 2496 gladio
2826 2439 2935 2479 suo

523 2496 788 2555 flammeo
817 2498 1252 2575 intercludente,
1285 2501 1388 2558 sed
1402 2502 1527 2577 jam
1557 2502 1837 2578 sanguine
1868 2502 2081 2560 Christi
2108 2503 2337 2580 placata
2356 2502 2465 2560 Dei
2496 2501 2581 2558 ira
2608 2500 2801 2558 omnia
2828 2519 2934 2557 no-

522 2577 614 2634 bis
641 2585 858 2653 patent,
891 2577 1101 2636 coelum
1127 2579 1400 2656 panditur
1425 2580 1713 2656 fidelibus,
1744 2581 1827 2639 ita
1851 2590 1919 2641 ut
1960 2581 2141 2640 libere
2170 2590 2227 2641 et
2255 2601 2385 2640 cum
2412 2581 2625 2639 fiducia
2668 2599 2737 2638 eo
2768 2579 2935 2656 sequi

522 2657 810 2733 possimus
839 2657 1130 2717 Christum
1151 2678 1562 2736 praecursorem
1579 2669 1857 2736 nostrum,
1884 2662 2037 2720 Heb.
2058 2662 2136 2720 vi.
2171 2664 2262 2736 19,
2294 2665 2391 2720 20.
2439 2660 2611 2720 Unde
2639 2659 2935 2736 colligitur

525 2737 815 2797 Christum
845 2739 1268 2816 appositissime
1295 2759 1516 2799 sacram
1547 2741 1784 2799 Coenam
1820 2741 2136 2800 instituisse
2185 2761 2301 2799 non
2328 2741 2391 2799 in
2433 2740 2766 2799 memoriam
2794 2740 2937 2797 vitae

525 2825 583 2875 et
613 2819 1063 2895 resurrectionis,
1097 2819 1199 2880 sed
1225 2821 1512 2898 praecipue
1540 2822 1760 2897 mortiS,
1781 2822 1916 2898 quia
1933 2822 1993 2879 in
2010 2841 2080 2879 ea
2105 2822 2274 2880 nobis
2295 2821 2433 2880 dare
2462 2820 2647 2879 voluit
2676 2819 2937 2896 sigillum

521 2897 756 2958 foederis
785 2899 988 2976 gratiae
1015 2907 1076 2959 et
1103 2902 1908 2961 sacramentum-remissionis
1950 2911 2316 2978 peccatorum
2345 2910 2405 2961 et
2450 2899 2937 2960 reconciliationis

520 2986 734 3038 nostrae
755 2999 886 3039 cum
907 2981 1051 3050 Dee,
1072 2981 1274 3058 quoda
1289 2990 1472 3041 morte
1497 2982 1712 3041 Christi
1722 2982 1889 3042 unice
1913 2989 1969 3040 et
1988 2982 2163 3057 ἔξδχυς
2182 2981 2413 3060 pendet.
2442 2981 2638 3040 Tertia
2648 2979 2793 3038 ratio
2814 2999 2935 3036 non

523 3059 810 3118 inscitiam
833 3069 1054 3119 tantum
1075 3063 1201 3139 ejus
1219 3061 1428 3138 prodit,
1441 3062 1542 3120 sed
1566 3073 1625 3120 ct
1646 3062 2013 3138 impietatem,
2026 3063 2165 3122 dum
2182 3063 2243 3120 in
2254 3082 2437 3120 vanas
2458 3061 2715 3138 argutias
2736 3068 2795 3118 et
2816 3060 2933 3117 ele·

522 3139 750 3214 gantias
781 3141 1058 3198 sermonis
1087 3142 1376 3200 convertit
1403 3162 1502 3200 eas
1531 3143 1867 3216 locutioneS,
1892 3163 2022 3218 quae
2044 3142 2341 3201 recondita
2365 3149 2694 3219 proponunt
2714 3148 2933 3216 myste-

523 3217 623 3291 ria,
639 3217 805 3292 quasi
821 3219 878 3275 S.
903 3219 1223 3294 Scriptores
1239 3241 1342 3296 per
1357 3241 1576 3281 merum
1597 3221 1817 3299 ingenii
1833 3222 2025 3281 lusum
2046 3223 2137 3281 usi
2153 3222 2397 3280 fuissent
2406 3220 2785 3279 allusionibus
2797 3219 2933 3277 abs-

523 3315 636 3371 que
667 3296 787 3353 ullo
816 3295 1208 3374 fundamentO,
1234 3300 1390 3374 quod
1413 3320 1586 3376 quam
1603 3302 1855 3360 alienum
1874 3303 1951 3360 sit
1970 3322 2005 3360 a
2026 3303 2311 3378 gravitate
2334 3311 2393 3362 et
2414 3302 2715 3378 majestate
2748 3298 2932 3375 Spiri-

521 3381 614 3433 tus
637 3375 696 3433 S.
716 3374 777 3432 in
799 3375 1094 3452 Scriptura
1109 3377 1399 3453 loquentis
1415 3379 1527 3455 piis
1543 3380 1811 3440 omnibus
1822 3381 2199 3459 judicandum
2218 3382 2612 3460 relinquimus.
2648 3381 2775 3437 Imo
2792 3382 2935 3436 κατὰ

521 3460 575 3512 τὸ
597 3456 757 3521 βίαιοι
778 3455 981 3514 fortius
1003 3467 1487 3533 argumentamur,
1513 3459 1575 3518 Si
1614 3461 1852 3538 sanguis
1874 3461 2108 3521 foederis
2136 3463 2361 3539 antiqui
2378 3471 2437 3521 et
2464 3460 2745 3520 sacrificia
2762 3460 2933 3518 victi-

521 3555 744 3594 marum
773 3535 1045 3612 legalium
1067 3537 1142 3595 ad
1158 3557 1287 3614 quae
1311 3539 1518 3599 alludit
1541 3539 1792 3618 Spiritus
1816 3542 1875 3602 S.
1905 3542 2290 3619 expiationem
2316 3542 2600 3600 carnalem
2622 3539 2931 3615 faciebant,

521 3617 568 3674 si
599 3615 918 3694 redemptio
945 3625 1004 3676 et
1044 3617 1348 3694 acquisitio
1385 3621 1613 3698 proprie
1660 3621 1815 3680 dicta
1850 3623 2095 3699 pretium
2142 3630 2201 3680 et
2228 3622 2675 3681 satisfactionem
2719 3620 2931 3697 impor-

521 3704 662 3771 tant,
697 3697 927 3755 omnino
950 3717 1184 3757 neccsse
1206 3708 1295 3758 est
1317 3699 1607 3759 Christum
1632 3701 1689 3758 in
1712 3711 1895 3760 morte
1918 3711 1976 3760 et
1996 3702 2385 3778 expiationem
2404 3711 2463 3761 et
2480 3699 2931 3760 satisfactionem

518 3777 772 3853 aliquam
794 3777 1148 3853 praestitisse,
1175 3788 1240 3836 ut
1260 3779 1476 3838 veritas
1505 3780 1725 3856 fignriS,
1750 3791 1809 3840 et
1830 3803 1921 3840 res
1941 3783 2181 3840 vocibus
2204 3782 2459 3859 apprime
2482 3780 2886 3857 respondeant.

602 3857 932 3914 XXXIX.
975 3861 1032 3916 4.
1065 3857 1282 3918 Absur.
1316 3859 1514 3919 Posita
1535 3862 1821 3920 sententia
1850 3861 2333 3920 Adversariorum
2362 3862 2523 3920 nulla
2549 3861 2659 3919 erit
2685 3861 2728 3920 J
2730 3860 2935 3918 ustitia

519 3936 621 3994 illa
649 3937 864 3995 Christi
885 3957 1014 4013 quae
1043 3940 1215 3997 toties
1243 3959 1278 3996 a
1307 3939 1489 3997 Paulo
1519 3941 1967 4016 commendatur,
1994 3951 2263 4018 tanquam
2295 3941 2727 4000 fundamentum
2750 3941 2929 4018 justi·

519 4015 806 4075 ficationis
833 4025 1061 4093 nostrae,
1095 4029 1153 4076 et
1201 4017 1330 4077 sons
1360 4019 1546 4077 omnis
1594 4031 1805 4079 nostrae
1851 4022 2260 4082 consolationis
2302 4031 2361 4081 et
2390 4023 2528 4098 spei,
2560 4041 2691 4079 cum
2720 4021 2801 4078 ait
2828 4040 2937 4097 per

519 4115 646 4155 eam
675 4117 780 4156 nos
815 4098 1009 4174 justos
1058 4098 1348 4173 constitui,
1383 4099 1551 4158 Rom.
1589 4120 1655 4158 ·v.
1690 4103 1783 4173 18,
1814 4102 1872 4158 iu
1923 4121 1992 4160 ea
2032 4121 2140 4160 nos
2161 4102 2425 4176 inveniri,
2460 4101 2611 4160 Phil.
2644 4099 2721 4158 iii.
2767 4103 2821 4173 9,
2870 4108 2933 4159 et

519 4196 645 4236 esse
675 4177 736 4234 in
765 4177 906 4254 ἱΡεο,
934 4181 968 4235 2
996 4178 1126 4237 Cor.
1158 4199 1215 4236 v.
1247 4181 1342 4253 21,
1373 4199 1443 4237 ea
1469 4178 1633 4237 indui
1662 4188 1720 4239 et
1748 4180 1866 4256 tegi
1896 4181 2175 4240 adversus
2204 4181 2631 4240 criminationes
2662 4181 2839 4255 Legis
2868 4189 2931 4239 et

522 4257 774 4333 Diaboli,
808 4258 974 4316 Rom.
1007 4259 1085 4316 iv.
1119 4264 1172 4332 7,
1199 4261 1254 4315 8.
1341 4259 1490 4317 Nam
1521 4259 1570 4317 si
1599 4279 1737 4318 vera
1766 4268 1855 4320 est
1898 4261 2151 4338 ipsorum
2194 4281 2374 4336 mens,
2408 4261 2672 4320 Christus
2700 4261 2783 4318 nil
2810 4260 2931 4318 nisi

517 4337 846 4413 exemplum
875 4337 1043 4396 nobis
1071 4339 1331 4412 contulit,
1357 4348 1415 4397 et
1437 4347 1560 4398 tota
1573 4340 1803 4416 justitia
1824 4341 2013 4400 fidelis
2032 4341 2094 4400 in
2116 4341 2228 4399 fide
2252 4351 2311 4401 et
2336 4341 2665 4400 obedientia
2685 4340 2925 4398 manda·

515 4423 704 4472 torum
729 4415 1054 4475 divinorum
1085 4418 1364 4494 consistit,
1390 4420 1471 4478 ita
1497 4429 1563 4478 ut
1591 4419 1735 4478 fides
1764 4421 1893 4497 ipsa
1919 4422 2087 4480 nobis
2115 4422 2429 4498 imputetur
2456 4423 2513 4478 in
2548 4419 2839 4499 justitiam
2870 4429 2932 4478 et

515 4501 813 4567 reputetur
839 4515 940 4571 per
967 4497 1462 4574 acceptilationem
1484 4519 1588 4576 pro
1615 4499 1870 4578 perfecta
1888 4501 2119 4579 justitia
2140 4501 2295 4578 apud
2324 4501 2531 4576 Deum,
2562 4510 2629 4560 ut
2660 4500 2927 4577 Socinus,

515 4579 662 4644 part.
715 4574 770 4628 4.
821 4593 870 4630 c.
922 4577 1013 4648 11,
1065 4577 1190 4635 fuse
1239 4579 1480 4653 probare
1525 4589 1781 4638 conatur.
1814 4631 1830 4641 ,
1870 4582 2023 4656 Quid
2077 4601 2218 4642 vero
2272 4590 2363 4641 est
2410 4590 2595 4640 totum
2652 4581 2930 4657 Evange-

515 4649 656 4704 lium
714 4658 972 4708 evertere
1021 4654 1070 4709 si
1117 4655 1227 4710 hoc
1272 4675 1385 4712 non
1435 4667 1524 4714 est
1543 4661 1571 4714 Ρ
1658 4659 1719 4716 si
1768 4660 1921 4718 enim
1972 4661 2115 4721 fides
2177 4661 2495 4738 imputatur
2534 4681 2640 4738 pro
2672 4660 2929 4738 justitia,
