3234 5192
272 324 501 366 msrur.
536 304 671 386 νει]
1010 324 1239 363 sosrnA
1269 323 1345 364 An
1376 322 1657 365 Eccsssm
1689 322 1954 363 nouam.
2568 306 2682 363 163

253 486 385 525 cnm
410 476 527 525 tam
558 465 741 525 seduli
774 466 891 524 sint
920 466 979 523 in
1008 465 1175 523 bonis
1224 464 1554 524 auctoribus
1598 486 1701 542 per
1751 464 1982 523 Indices
2033 482 2168 523 suos
2214 463 2676 541 Expurgatorios

252 546 605 605 mutilandis.
695 546 777 605 Ut
806 565 944 605 vero
977 545 1087 603 Dei
1136 563 1345 602 nomen
1394 544 1506 603 sibi
1552 544 1879 619 vendicant,
1933 544 2014 603 ita
2061 551 2120 602 et
2169 544 2384 602 Christi
2435 543 2672 601 Domini

253 626 453 685 titulos
484 636 543 684 et
570 626 849 684 attributa
878 624 990 684 sibi
1018 634 1307 701 arrogant.
1394 624 1517 683 Nec
1566 624 1842 683 diffitetur
1889 624 2276 683 Bellarminus
2323 623 2396 682 de
2441 622 2665 682 Concil.

254 705 545 765 Auctorit.
572 706 613 765 l.
636 706 697 764 ii.
728 726 777 764 c.
814 708 905 780 17,
924 707 959 737 ‘⁴
984 704 1234 764 Nomina
1256 703 1507 777 omnia,''
1528 701 1732 781 inquit,
1768 708 1946 781 “quae
1975 705 2036 761 iu
2069 704 2380 781 Scripturis
2407 703 2668 762 tribuun-

251 793 347 844 tur
375 786 621 861 christo,
647 786 799 844 unde
828 793 1057 844 constat
1084 804 1215 843 eum
1244 804 1369 842 esse
1392 802 1567 860 supra
1598 784 1934 858 Ecclesiam,
1960 784 2162 843 eadem
2190 784 2384 842 omnia
2409 783 2670 842 tribuun-

253 876 349 925 tur
378 866 704 925 Pontifici.”
793 865 949 923 Hinc
992 866 1041 923 si
1093 864 1358 923 Christus
1398 863 1609 922 dicitur
1641 864 1846 939 Capul,
1898 865 2164 939 Sponsus,
2195 865 2669 937 Fundamentum,

252 966 545 1021 supremus
591 946 801 1004 Pastor
850 946 1137 1019 Ecclesiae,
1190 944 1541 1019 Principium
1564 945 1730 1023 fidei,
1761 945 2042 1003 Dominus
2071 946 2267 1002 domus
2288 945 2420 1018 Dei,
2452 945 2572 1003 Leo
2601 946 2672 1002 de

254 1026 399 1085 tribu
445 1028 627 1099 Juda,
678 1026 883 1084 Radix
937 1023 1193 1098 David,”
1224 1021 1353 1097 Sec„
1394 1023 1551 1101 apud
1592 1044 1793 1084 omnes
1821 1033 1910 1083 est
1945 1024 2004 1082 in
2033 1024 2315 1099 confesso,
2343 1024 2470 1083 haee
2519 1024 2670 1082 Pon-

250 1105 390 1163 tifici
420 1126 537 1165 non
564 1106 755 1165 minus
783 1104 975 1163 tribui.
1063 1105 1305 1163 Frustra
1332 1104 1426 1162 hic
1454 1104 1778 1181 opponitur,
1807 1105 2024 1181 Papam
2065 1103 2440 1163 nihilominus
2467 1123 2530 1163 se
2554 1124 2673 1162 ser-

250 1206 377 1243 vum
405 1206 697 1243 servorum
724 1186 999 1245 vocitare.
1044 1184 1198 1259 Quid
1225 1184 1379 1242 enim
1412 1185 1586 1261 juvat
1612 1184 1749 1243 ficta
1769 1184 2093 1243 humilitate
2123 1204 2185 1242 se
2215 1203 2446 1243 servum
2475 1204 2670 1243 servo·

250 1285 380 1323 rum
410 1265 618 1339 dicere,
650 1265 700 1323 si
728 1266 916 1342 reipsa
946 1264 1179 1322 Domini
1222 1263 1601 1322 Dominorum
1649 1264 2050 1323 auctoritatem
2078 1262 2438 1322 intoleranda
2477 1284 2670 1339 super-

250 1345 351 1403 bia
380 1345 490 1402 sibi
519 1353 751 1421 arrogat
768 1348 797 1403 P
879 1346 1005 1419 Quo
1034 1352 1256 1421 spectat
1276 1343 1639 1402 Trevirensis
1663 1343 1983 1402 l’raesulum
2011 1344 2370 1420 querimonia
2397 1344 2468 1401 de
2501 1343 2674 1401 Nico-

251 1424 349 1482 lao
394 1424 550 1500 apud
588 1424 825 1483 Aventi.
858 1424 1069 1482 Annal.
1101 1427 1157 1497 4,
1206 1426 1242 1457 “
1264 1424 1355 1482 Tu
1384 1422 1672 1500 pontificis
1712 1423 1946 1500 quidem
1974 1442 2279 1499 personam
2305 1442 2424 1499 prae
2452 1432 2510 1482 te
2537 1422 2670 1496 fers,

250 1513 314 1564 at
338 1502 699 1579 tyrannidem
721 1504 923 1581 agitaS,
956 1504 1063 1563 sub
1092 1503 1293 1563 habitu
1322 1504 1569 1581 pastoris
1588 1503 1790 1581 lupum
1829 1504 2126 1562 sentimus.
2211 1502 2441 1563 Titulus
2469 1522 2670 1579 pareu-

253 1592 373 1642 tem
402 1586 691 1659 mentitur,
724 1593 786 1643 tu
818 1593 871 1643 te
899 1584 1067 1643 factis
1095 1584 1139 1643 J
1142 1602 1309 1641 ovem
1339 1591 1613 1643 ostentas.
1701 1584 1846 1643 Cum
1875 1583 1954 1643 sis
1983 1601 2186 1642 servus
2204 1602 2518 1658 servorum,
2553 1583 2672 1641 Do-

254 1664 447 1722 minus
478 1664 853 1723 Dominorum
886 1684 1013 1723 esse
1042 1664 1402 1738 contendiS,’'
1436 1660 1543 1722 Sec.

338 1744 623 1803 XXVII.
674 1744 791 1803 Sed
817 1764 1019 1822 parum
1050 1752 1203 1803 esset
1231 1743 1465 1801 nomina
1492 1744 1686 1821 tribui,
1718 1744 1830 1803 nisi
1851 1744 2042 1822 reipsa
2059 1744 2455 1804 auctoritatem
2487 1752 2545 1803 et
2573 1764 2672 1821 po·

258 1831 539 1899 testatem,
572 1824 681 1883 soli
710 1825 837 1883 Deo
867 1834 925 1883 et
956 1824 1184 1883 Christo
1212 1823 1519 1900 propriam,
1552 1822 1663 1883 sibi
1712 1824 2062 1884 vendicaret.
2153 1824 2368 1885 Verum
2397 1824 2528 1901 quis
2555 1844 2674 1883 am·

252 1904 493 1981 bigendi
520 1904 681 1963 locus
711 1924 836 1963 esse
864 1912 1071 1981 potest,
1116 1911 1249 1981 post
1297 1924 1364 1961 ea
1407 1924 1536 1980 quae
1581 1912 1854 1981 praestare
1904 1906 2067 1980 solet,
2112 1913 2172 1964 et
2197 1924 2327 1983 quae
2355 1905 2468 1982 ipsi
2495 1904 2674 1981 vulgo

252 1984 629 2043 tribuuntur?
713 1985 931 2042 Annon
958 1984 1057 2043 ille
1086 2004 1147 2042 se
1176 1983 1327 2061 gerit
1353 2004 1458 2061 pro
1489 1984 1632 2060 Deo,
1680 1986 1782 2061 qui
1817 1985 2096 2063 gloriatur
2125 2004 2186 2043 se
2215 2004 2442 2044 omnem
2485 1992 2673 2061 potes·

256 2072 434 2123 tatem
464 2074 880 2142 consequutum
904 2065 965 2121 in
992 2064 1139 2123 coelo
1189 2072 1247 2122 et
1291 2063 1351 2119 in
1402 2072 1553 2123 terra
1572 2067 1601 2123 P
1685 2065 1798 2141 Qui
1838 2066 1940 2142 jus
1987 2066 2198 2125 habeat
2245 2064 2673 2123 condendarum

253 2144 452 2221 legum
494 2154 553 2203 et
607 2144 1069 2222 imperandarum
1100 2143 1467 2202 conscientiis
1487 2148 1515 2203 P
1598 2144 1711 2219 Qui
1757 2164 1820 2204 se
1847 2145 2208 2204 infallibilem
2252 2154 2310 2203 et
2336 2170 2676 2225 avanae-raro·

248 2225 449 2300 jactet,
476 2224 784 2302 Scripturas
806 2224 997 2283 Sacrae
1026 2223 1393 2301 interpretem
1412 2244 1716 2299 summum,
1729 2232 1789 2283 et
1806 2244 2138 2299 supremum
2157 2226 2674 2294 controversiarum

249 2304 524 2380 judicem,
556 2324 592 2361 a
619 2324 735 2381 quo
764 2324 879 2362 non
928 2304 1100 2363 liceat
1126 2322 1441 2380 provocare
1463 2308 1491 2362 P
1574 2304 1686 2379 Qui
1735 2326 1811 2364 ex
1859 2315 2096 2382 peccato
2132 2305 2317 2383 possit
2345 2305 2531 2363 facere
2559 2324 2676 2363 non

255 2392 571 2461 peccatum,
604 2396 663 2443 et
690 2394 904 2459 contra,
930 2393 989 2443 et
1016 2384 1281 2443 absoluta
1308 2392 1590 2461 potestate
1618 2386 1802 2462 possit
1820 2386 2095 2463 quicquid
2125 2385 2253 2445 vult
2269 2388 2298 2445 ⁴?
2385 2384 2598 2443 Annon
2616 2406 2678 2444 se

258 2464 408 2541 gerit
435 2484 539 2541 pro
572 2464 713 2540 De0,
744 2465 845 2541 qui
874 2484 936 2523 se
984 2464 1162 2523 totius
1190 2463 1345 2522 orbis
1376 2464 1692 2525 Dominum
1719 2476 1778 2525 et
1809 2466 2182 2531 Monarcham
2204 2468 2405 2545 jactat,
2449 2466 2548 2543 qui
2577 2466 2676 2524 tri-

259 2544 399 2621 plex
427 2563 668 2621 regnum
698 2545 937 2619 obtinet,
964 2543 1304 2620 coelestium,
1329 2545 1704 2620 terrestrium,
1736 2554 1795 2605 et
1839 2546 2377 2622 subterraneorum3
2423 2546 2482 2604 in
2513 2547 2677 2623 cujus

261 2624 491 2701 signum
521 2624 667 2683 tiara
698 2625 929 2702 Papalis
958 2624 1171 2702 triplici
1210 2644 1421 2682 corona
1449 2635 1652 2685 ornata
1679 2634 1784 2701 est,
1818 2626 1975 2703 quod
2021 2646 2264 2704 regnum
2309 2626 2630 2703 appellatur
2649 2630 2678 2687 Ρ

265 2704 377 2779 Qui
404 2724 689 2763 summum
734 2704 947 2764 habeat
974 2704 1035 2762 in
1062 2724 1230 2781 reges
1259 2713 1317 2763 et
1344 2705 1650 2782 principes,
1677 2715 1736 2765 et
1762 2708 2136 2783 imperatores
2170 2706 2326 2784 ipsos
2356 2706 2674 2783 imperium,

260 2793 321 2842 et
350 2783 409 2841 in
437 2785 833 2862 spiritualibus
860 2784 1000 2844 etin
1029 2784 1459 2861 temporalibuS,
1512 2794 1577 2844 ut
1623 2786 1810 2863 possit
1856 2786 2014 2863 ipsos
2070 2786 2142 2844 de
2199 2786 2344 2845 solio
2373 2785 2678 2844 deturbare

262 2864 719 2941 quandocunque
760 2866 1011 2940 libuerit,
1043 2874 1103 2923 et
1144 2884 1325 2941 regna
1350 2865 1658 2923 transferre
1676 2868 1704 2924 P
1788 2865 2004 2923 Annon
2031 2884 2094 2923 se
2113 2864 2276 2924 effert
2304 2865 2476 2923 etiam
2505 2884 2680 2941 supra

264 2944 473 3017 Deum,
503 2945 604 3021 qui
636 2945 945 3022 Scripturas
994 2946 1392 3003 auctoritatem
1432 2964 1662 3003 omnem
1704 2965 1739 3002 a
1787 2964 1894 3003 sua
1942 2945 2258 3021 suspendit,
2303 2944 2403 3021 qui
2436 2944 2538 3021 jus
2567 2944 2678 3003 sibi

260 3023 465 3082 tribuit
493 3023 1003 3100 dispensandarum
1033 3034 1091 3085 et
1118 3024 1581 3101 abrogandamm
1634 3024 1831 3101 legum
1861 3024 2186 3083 divinarum
2214 3032 2274 3082 et
2301 3024 2680 3083 humanarum
2763 3058 2788 3081 0

264 3110 331 3162 ut
358 3102 419 3160 in
438 3104 781 3179 juramentis
807 3115 865 3165 et
895 3105 1063 3179 votis,
1096 3105 1156 3163 in
1184 3103 1463 3181 gradibus
1508 3103 2044 3181 consanguinitatis,
2075 3114 2134 3164 et
2161 3104 2220 3161 in
2248 3104 2538 3181 plerisque
2569 3104 2678 3162 Le-

262 3184 357 3261 gis
383 3184 699 3260 praeceptiS,
726 3184 839 3245 imo
868 3186 1053 3262 possit
1080 3185 1413 3259 dispensare
1442 3192 1644 3243 contra
1691 3184 2090 3244 auctoritatem
2123 3184 2412 3261 Apostoli,
2444 3184 2582 3261 quia
2603 3184 2680 3245 sit

260 3264 447 3341 major
487 3264 787 3342 Apost010,
818 3266 935 3323 imo
958 3274 1157 3323 contra
1192 3265 1372 3323 Vetus
1418 3264 1867 3339 Testamentum,
1899 3284 1968 3323 eo
1997 3266 2151 3343 quod
2180 3266 2255 3325 sit
2281 3265 2468 3343 major
2495 3266 2676 3323 omni·

262 3344 372 3403 bus
400 3345 527 3422 ejus
552 3346 884 3405 auctoribus
900 3349 928 3403 P
1012 3344 1123 3419 Qui
1153 3343 1422 3403 mandata
1452 3344 1666 3404 Christi
1693 3346 1856 3403 varia
1875 3346 2133 3422 abrogat,
2155 3346 2420 3423 opposita
2445 3346 2562 3405 illis
2590 3346 2674 3405 in-

264 3424 529 3499 troducit,
560 3433 619 3484 et
648 3424 1021 3501 dispensandi
1050 3425 1121 3483 de
1171 3424 1451 3483 institutis
1502 3424 1718 3484 Christi
1765 3424 2098 3486 facultatem
2141 3426 2255 3485 sibi
2303 3427 2677 3487 transcribit?

264 3505 377 3578 Qui
405 3505 651 3583 denique
680 3515 918 3581 peccata
945 3505 1005 3562 in
1035 3525 1097 3563 se
1125 3514 1182 3565 et
1204 3505 1461 3581 regimen
1493 3525 1659 3563 suum
1689 3504 1942 3565 admissa
1970 3507 2284 3584 majoribus
2305 3507 2490 3583 poenis
2519 3507 2674 3583 plec-

262 3586 349 3660 tit,
382 3605 554 3661 quam
582 3585 837 3644 admissa
864 3585 923 3643 in
953 3585 1244 3645 Christum
1264 3588 1293 3643 P
1376 3584 1529 3659 Quid
1578 3596 1668 3644 est
1696 3606 1834 3645 vero
1863 3606 1968 3664 pro
1999 3588 2126 3647 Deo
2155 3606 2217 3647 se
2239 3606 2456 3663 gerere,
2487 3584 2536 3643 si
2565 3586 2676 3645 hoc

262 3685 379 3723 non
407 3674 495 3723 est
515 3668 543 3723 P

345 3745 662 3804 XXVIII.
714 3746 804 3805 Ita
834 3746 1107 3805 Pontifex
1129 3766 1263 3807 vere
1310 3765 1373 3806 se
1416 3748 1609 3824 prodit
1635 3756 1875 3827 wopau-ov
1911 3751 2180 3829 ἇμιιρτεας,
2215 3755 2309 3809 beor
2333 3763 2587 3810 απυλυσς
2616 3756 2674 3804 et

258 3850 447 3897 annun,
471 3826 771 3885 Hominem
778 3828 1017 3903 peccati,
1034 3828 1227 3903 filium
1234 3828 1589 3903 perditionis,
1610 3834 1874 3906 exie-qem,
1898 3830 2056 3907 quod
2075 3830 2292 3887 Paulus
2309 3825 2673 3885 Antichristo

260 3905 478 3979 tribuit,
502 3924 624 3963 ver.
654 3909 710 3965 3.
740 3908 931 3965 Homo
952 3906 1187 3983 quidem
1208 3908 1431 3983 peccati
1444 3917 1596 3967 recte
1618 3908 1847 3985 dicitur,
1861 3918 1984 3969 tum
2006 3910 2143 3987 quia
2161 3909 2284 3985 ipse
2300 3914 2568 3984 peccator
2585 3915 2675 3965 est

257 3984 522 4061 insignis,
551 3984 690 4044 licet
718 3986 1039 4046 sanctitatis
1067 3986 1299 4045 titulum
1328 3996 1581 4065 usurpet,
1612 4008 1721 4048 nec
1763 3989 2128 4048 dissimulant
2178 3985 2466 4046 Pontificii
2495 3985 2672 4062 scrip-

254 4076 427 4138 tores,
458 4062 597 4122 dum
626 4066 969 4141 gravissima
998 4067 1286 4143 Paparum
1326 4068 1545 4127 scelera
1570 4068 1922 4145 describunt,
1952 4077 2078 4128 tum
2105 4069 2242 4146 quia
2267 4066 2398 4125 aliis
2425 4074 2514 4125 est
2541 4084 2672 4141 pec-

256 4143 431 4204 candi
457 4152 673 4204 auctor.
758 4147 939 4205 Filius
993 4148 1165 4207 etiam
1196 4149 1535 4223 perditionis
1574 4168 1692 4206 non
1733 4148 1906 4207 modo
1925 4150 2166 4224 passive,
2199 4149 2336 4225 quia
2363 4145 2674 4224 perditioni

256 4224 507 4283 devotus
552 4232 641 4283 est
684 4224 866 4285 instar
908 4226 953 4285 J
955 4227 1102 4301 udae,
1153 4228 1256 4305 qui
1300 4227 1497 4287 osculo
1541 4227 1796 4304 prodidit
1843 4229 2176 4303 Dominum,
2207 4228 2250 4287 J
2253 4228 2348 4286 oh.
2397 4226 2540 4283 xvii.
2575 4228 2668 4301 12,

254 4304 359 4363 sed
386 4310 446 4363 et
490 4306 681 4380 active,
728 4306 865 4383 quia
908 4306 1053 4367 alios
1098 4307 1159 4365 in
1206 4305 1359 4366 idem
1402 4306 1742 4385 perditionis
1789 4307 2122 4367 barathrum
2171 4326 2368 4366 secum
2415 4304 2668 4381 abducit,

254 4382 515 4461 adeoque
558 4393 617 4444 et
656 4408 793 4461 1572&
831 4394 891 4446 et
918 4390 941 4445 ὅ
968 4402 1241 4445 aronam„
1268 4386 1385 4445 κατ’
1410 4392 1591 4463 doxani,
1627 4387 1812 4463 Apoe.
1843 4388 1924 4445 ix.
1953 4390 2046 4446 ll.
2132 4387 2396 4463 Denique
2425 4390 2448 4445 ὅ
2477 4412 2670 4463 armoe,

256 4465 729 4543 antonomastice,
762 4468 863 4544 qui
892 4469 1170 4544 Exleqem
1202 4487 1263 4527 se
1292 4468 1561 4543 ostendit,
1593 4467 1862 4527 omnibus
1890 4466 2111 4526 scilicet
2141 4467 2372 4545 legibus
2401 4468 2670 4541 solutum,

255 4542 359 4620 qui
387 4564 422 4603 a
449 4545 676 4606 nemine
696 4546 1053 4622 judicandus
1081 4548 1173 4623 sit,
1202 4548 1339 4607 licet
1366 4547 1439 4607 de
1472 4546 1740 4607 omnibus
1774 4547 2018 4625 judicet,
2049 4548 2148 4624 qui
2177 4548 2288 4607 sibi
2314 4549 2485 4609 licere
2513 4557 2679 4627 putat

258 4624 533 4701 quicquid
563 4626 723 4701 libet,
754 4637 818 4687 ut
846 4646 953 4687 sua
978 4628 1065 4686 illi
1093 4647 1197 4707 pro
1224 4628 1355 4705 lege
1385 4629 1459 4687 sit
1502 4628 1788 4705 voluntas,
1819 4637 1885 4689 ut
1911 4648 2019 4688 nec
2045 4628 2104 4686 iu
2133 4649 2454 4707 personam,
2487 4650 2592 4689 nec
2621 4630 2680 4687 in
