3234 5192
281 365 502 407 msru‘r.
539 343 636 427 11.]
1019 363 1249 404 xos‘rna
1289 365 1368 404 AB
1392 341 1691 405 *secessu
1736 367 2005 409 nomm.
2612 351 2691 408 45

283 507 664 567 Excellentiae
713 505 955 564 infinitae
1004 503 1200 563 deberi
1248 506 1464 564 cultum
1497 511 1747 586 ληςιῖας,
1778 507 2043 567 humanae
2097 510 2193 567 vel
2238 509 2397 567 civili
2450 510 2700 587 civilem,

283 589 490 646 mediae
545 606 684 645 vero
713 586 838 644 sive
869 585 1036 643 donis
1075 594 1196 643 tum
1225 586 1426 662 gratiae
1475 597 1598 644 turn
1648 587 1847 660 gloriae
1890 588 2160 662 medium,
2208 585 2426 647 δουλείαν
2469 591 2701 666 quidem

292 668 522 726 Sanctis
551 675 611 725 et
641 666 906 742 Angelis.
943 662 1282 745 ὑπιςδουλιὶαι
1330 685 1468 723 vero
1499 666 1570 724 B.
1617 667 1851 742 Virgini
1878 667 1954 725 ob
2003 667 2293 744 singulare
2322 671 2578 744 &einp-fl
2626 671 2699 728 R.

295 747 412 806 Sed
439 757 830 806 commentum
859 745 1028 804 istius
1076 745 1462 804 distinctionis
1507 765 1581 803 ex
1611 747 1789 804 variis
1818 747 2099 820 confutari
2128 757 2337 824 potest.
2384 753 2435 806 1.
2484 749 2577 806 Ex
2604 769 2700 807 vo-

291 847 416 886 cum
435 827 796 903 proprietate
825 834 883 883 et
911 825 1254 902 primigenia
1303 825 1741 900 significatione,
1794 826 1931 902 quia
1976 835 2111 886 sunt
2140 847 2312 886 voces
2340 847 2699 904 synonymae,

293 927 422 984 quae
452 905 846 964 obtenduntur
873 924 976 982 pro
1007 905 1306 981 speciebus
1349 906 1629 982 oppositis
1674 907 1782 964 sub
1812 906 2013 966 eodem
2043 927 2271 982 genere.
2294 908 2553 984 Hesych.
2598 927 2699 966 ex-

294 987 452 1062 ponit
499 1004 738 1064 λατςωιιν
784 1005 887 1062 per
929 981 1174 1056 lavatum,
1235 1001 1464 1065 λαις-(ιιι,
1501 1005 1602 1062 per
1628 983 1864 1045 δουλων.
1966 985 2162 1046 GIOSS.
2218 984 2431 1062 'manea
2470 1003 2695 1069 λατςίιι,

299 1067 532 1146 mesen,
564 1062 790 1124 δουλεῦον.
887 1065 1044 1122 Vives
1071 1063 1226 1141 apud
1257 1064 1507 1140 August.
1539 1065 1610 1123 de
1642 1067 1813 1124 Civit.
1848 1067 1977 1140 Dei,
2006 1067 2109 1126 lib.
2138 1089 2198 1126 x.
2228 1089 2279 1127 c.
2314 1069 2405 1142 11,
2437 1069 2703 1145 agnoscit

296 1167 370 1204 ex
408 1146 590 1220 Valla,
621 1144 1014 1223 promiscuum
1041 1163 1167 1202 esse
1222 1164 1418 1202 earum
1465 1165 1633 1202 usum
1662 1146 1817 1222 apud
1865 1147 2185 1224 Scriptores
2227 1147 2514 1224 profanos,
2546 1148 2704 1225 quod

299 1226 496 1283 multis
521 1225 808 1300 exemplis
861 1223 1092 1300 probari
1145 1233 1351 1300 potest.
1440 1224 1566 1282 Imo
1595 1226 1645 1282 si
1702 1226 1819 1283 vim
1848 1245 2057 1285 vocum
2107 1237 2363 1303 spectare
2412 1227 2699 1302 volumus,

295 1305 554 1381 apposite
574 1305 782 1385 aaeaegu'ae
802 1304 876 1362 ad
906 1303 1122 1361 cultum
1155 1304 1261 1362 Dei
1293 1302 1717 1378 designandum
1744 1303 2115 1363 adhiberetur
2141 1325 2311 1381 quam
2331 1304 2440 1365 30⁹>
2452 1331 2542 1380 u,
2568 1307 2705 1384 quia

299 1385 416 1442 ista
437 1386 710 1460 majorem
745 1383 935 1458 qualis
961 1409 1046 1442 του
1072 1380 1263 1457 Dona-v,
1295 1382 1355 1440 id
1387 1391 1491 1452 est,
1523 1383 1693 1458 servi,
1726 1384 1931 1464 aaergu'ae
1958 1383 2252 1458 minorem,
2276 1386 2465 1460 qualis
2490 1412 2576 1444 του
2607 1388 2701 1444 λά·

305 1489 430 1543 rem
457 1463 808 1535 mercenarii,
841 1464 1178 1522 servitutem
1199 1463 1468 1535 denotat;
1500 1459 1668 1527 δουλος
1696 1463 1847 1520 enim
1878 1472 1936 1522 et
1965 1463 2186 1544 ἰλιῦθιςος
2208 1475 2591 1540 opponuntur,
2616 1473 2706 1524 est

301 1544 450 1602 enim
505 1541 676 1608 δουλος
719 1543 958 1600 alterius
1012 1543 1276 1615 hominia,
1324 1542 1488 1618 quasi
1533 1540 1641 1607 ’ὅλος
1686 1543 1867 1618 inoe'nv,
1914 1545 2087 1624 λίτςις
2129 1551 2319 1602 autem
2367 1543 2585 1619 Hesyc.
2614 1552 2707 1604 est

292 1631 586 1704 fudwgyos
609 1626 632 1682 ὅ
661 1625 740 1681 ἐπὶ
766 1631 923 1697 μισ-δᾳ
959 1619 1203 1694 zoninum,
1227 1623 1412 1697 μίσθιος
1431 1623 1653 1702 igqis-ne.
1738 1624 1833 1682 Sic
1862 1623 2017 1698 apud
2062 1623 2297 1682 Suidam
2342 1629 2549 1705 angnia
2573 1625 2599 1686 ni
2626 1649 2707 1684 tm

294 1713 454 1779 poreq
491 1701 704 1761 δουλιω.
807 1702 870 1760 Si
900 1703 970 1760 Ε.
994 1703 1142 1761 hanc
1163 1702 1590 1761 distinctionem
1611 1723 1817 1780 urgere
1846 1703 2051 1762 volunt
2074 1703 2378 1780 Pontificii,
2412 1704 2706 1765 fatendum

299 1805 400 1842 eos
427 1784 710 1842 minorem
743 1783 868 1840 Deo
895 1782 1131 1858 cultum,
1167 1782 1444 1840 creaturis
1471 1784 1749 1859 majorem
1781 1803 2093 1841 reservare.

383 1863 644 1921 XXIII.
705 1867 790 1920 20.
853 1861 948 1918 Ex
1003 1883 1106 1919 usu
1151 1863 1478 1936 Scripturas
1535 1883 1667 1938 quae
1722 1863 2045 1939 promiscue
2098 1863 2295 1922 verbis
2348 1864 2594 1944 λατςιῦιιν
2648 1873 2707 1925 et

294 1940 530 2001 δουλεύω
546 1943 742 2016 utitur,
767 1951 832 2000 ut
859 1941 1061 2000 LXX.
1083 1947 1138 2000 τὶ
1168 1961 1260 1998 πυ
1287 1941 1667 2000 Hebraeorum
1696 1943 1905 2018 passim
1932 1963 2033 2016 per
2057 1941 2395 2002 alterutrum
2424 1944 2673 2005 reddunt
2696 1967 2712 2020 3

296 2021 495 2082 δουλέια
517 2041 670 2098 saepe
691 2021 762 2079 de
780 2024 930 2079 cultu
948 2021 1132 2080 divino
1153 2028 1476 2096 usurpatur,
1501 2019 1735 2080 δουλιὺω
1754 2048 1823 2098 τᾳ
1834 2022 2085 2099 ousta-ra,
2111 2027 2138 2080 1
2167 2023 2371 2082 Thess.
2390 2024 2428 2082 i.
2454 2027 2519 2099 93
2562 2025 2706 2084 Mat.

297 2102 378 2160 vi.
409 2107 508 2178 24,
537 2105 572 2134 “
592 2101 776 2159 Nemo
799 2109 988 2178 potest
1015 2102 1241 2160 duobus
1263 2100 1526 2158 Dominis
1553 2100 1784 2160 ama„
1802 2105 1854 2176 ;''
1896 2104 2027 2161 Gal.
2057 2103 2136 2160 iv.
2168 2105 2222 2175 8,
2256 2102 2520 2162 Gentiles
2548 2104 2707 2162 dam·

297 2190 514 2242 uantur
539 2180 698 2257 quod
725 2177 1010 2238 ιδιυλιυαι
1039 2181 1126 2254 iis,
1151 2181 1252 2256 qui
1272 2188 1478 2238 natura
1497 2201 1615 2238 non
1645 2191 1780 2240 sunt
1810 2183 1941 2254 Dii;
1972 2203 2075 2240 cur
2090 2202 2229 2239 vero
2256 2183 2369 2240 hoc
2396 2183 2709 2258 impactum

299 2261 430 2320 istis
458 2261 532 2319 ab
565 2261 867 2338 Apost010,
921 2260 970 2318 si
1018 2261 1126 2318 hoc
1169 2280 1244 2318 ex
1292 2259 1725 2319 Pontificiorum
1752 2262 2071 2338 Theologia
2098 2261 2319 2319 licitum
2350 2261 2705 2338 credidisset,

299 2341 475 2399 modo
503 2360 622 2398 non
651 2339 966 2398 deferretur
991 2339 1110 2397 illis
1150 2339 1396 2419 λατςίιαί)
1479 2340 1576 2398 Sic
1622 2345 1651 2399 1
1688 2341 1842 2400 Sam.
1873 2342 1973 2400 vii.
2002 2345 2059 2416 3,
2082 2350 2294 2416 parate
2320 2343 2499 2399 corda
2525 2352 2713 2402 vestra

301 2422 568 2494 Domino,
598 2417 993 2478 ωἲουλιῦσαπ
1019 2445 1155 2496 σιντ-ρ
1180 2420 1318 2496 μόνᾳ.
1343 2419 1440 2478 Sic
1469 2421 1638 2479 Rom.
1678 2421 1781 2480 xii.
1816 2421 1907 2497 11,
1938 2430 1998 2500 et
2026 2422 2147 2494 xiv,
2184 2423 2273 2495 18,
2302 2421 2516 2496 Ephes.
2546 2421 2625 2480 vi.
2650 2425 2707 2498 7,

302 2500 426 2559 Col.
459 2501 539 2558 iii.
571 2504 667 2558 24.
755 2500 926 2559 Unde
981 2501 1194 2577 passim
1223 2499 1441 2572 fideles,
1473 2508 1532 2558 et
1561 2501 1925 2577 peculiariter
1965 2501 2078 2558 viri
2108 2501 2219 2559 Dei
2248 2509 2527 2561 vocantur
2542 2499 2709 2561 δουλοι

299 2583 436 2638 Suo.
521 2579 796 2638 Vicissim
818 2595 1028 2659 autu-gun
1044 2599 1194 2656 saepe
1230 2579 1302 2638 de
1329 2583 1478 2637 cultu
1506 2581 1749 2640 humano
1778 2581 2135 2658 intelligitur,
2170 2581 2343 2640 Dent.
2372 2582 2579 2640 xxviii.
2611 2586 2707 2658 48,

305 2663 340 2692 “
358 2665 448 2718 nai
476 2659 756 2737 λιτξώπις
803 2661 901 2718 ian?
917 2667 1017 2724 τοῖς
1054 2661 1237 2740 fixae-‘te
1265 2685 1367 2734 ew,
1413 2669 1472 2718 et
1513 2661 1733 2720 servies
1760 2661 2008 2720 inimicis
2036 2661 2209 2719 tuis.'’
2236 2661 2424 2720 Levit.
2454 2662 2621 2720 xxiii.
2652 2666 2708 2738 7,

303 2745 406 2798 πέι
432 2764 568 2820 ιςγοι
611 2745 871 2820 urg-mbr
913 2761 1028 2798 non
1073 2740 1396 2799 faciendum
1450 2740 1762 2814 Sabbatho,
1819 2740 1881 2798 id
1930 2748 2017 2798 est
2062 2741 2275 2815 ser-idle,
2324 2749 2382 2799 et
2424 2743 2709 2816 manuale,

301 2820 458 2896 quod
489 2839 640 2896 saepe
695 2820 971 2896 repetitur
997 2839 1053 2878 v.
1085 2822 1180 2892 25,
1213 2823 1308 2892 35,
1341 2823 1435 2892 36,
1467 2827 1526 2878 et
1571 2821 1743 2878 Num.
1774 2821 1981 2878 xxviii.
2010 2822 2101 2877 18.
2164 2821 2323 2896 Ergo
2356 2839 2487 2878 cum
2520 2821 2709 2897 Scrip-

299 2909 429 2958 tura
458 2919 575 2957 non
603 2899 936 2975 distinguat,
967 2919 1154 2975 neque
1183 2901 1349 2958 nobis
1371 2908 1460 2959 est
1488 2899 1976 2975 distinguendum.
2022 2903 2076 2956 3.
2130 2899 2225 2954 Ex
2250 2899 2714 2958 adversariorum

303 2979 656 3053 confessione.
687 2979 1073 3037 Bellarminus
1101 2979 1314 3037 fatetur
1341 2978 1765 3036 distinctionem
1784 2977 1933 3034 hanc
1962 2996 2087 3034 esse
2109 2989 2354 3057 aygacpov,
2387 2985 2445 3034 et
2473 2995 2509 3034 a
2529 2976 2709 3036 Scho-

299 3059 359 3115 la
386 3058 740 3134 Theologica
759 3059 1164 3135 excogitatam,
1184 3057 1321 3116 licet
1349 3064 1469 3114 tum
1501 3055 1753 3112 Hebraea
1774 3066 1893 3113 tum
1926 3056 2133 3113 Graeca
2161 3056 2445 3114 vocabula
2470 3057 2711 3132 promis-

303 3138 396 3196 cui
425 3137 542 3196 sint
571 3157 726 3206 usus,
751 3138 851 3195 lib.
883 3139 920 3196 i.
951 3141 1020 3197 de
1048 3138 1234 3196 Beati.
1281 3137 1506 3194 Sancto.
1537 3153 1661 3210 cap.
1692 3133 1794 3192 xii.
1870 3137 2116 3210 Vasques
2144 3135 2333 3195 adhuc
2360 3138 2707 3214 expressius,

305 3221 343 3250 “
361 3217 414 3275 N
419 3223 598 3276 omen‘
615 3217 776 3275 dulia
802 3218 994 3276 nullus
1013 3239 1086 3276 ex
1109 3215 1360 3292 antiquis
1391 3213 1661 3272 Patribus
1690 3213 1859 3273 docet
1884 3233 1995 3274 usu
2025 3215 2431 3276 Ecclesiastico
2460 3218 2710 3295 applica-

302 3305 426 3354 tum
453 3297 528 3355 ad
557 3297 997 3374 significandum
1041 3298 1260 3356 cultum
1279 3303 1336 3354 et
1363 3295 1639 3353 honorem
1668 3294 2066 3354 Sanctorum.''
2119 3297 2410 3374 Disputat.
2436 3300 2533 3357 93.
2562 3299 2621 3356 in
2652 3303 2709 3359 3.

303 3385 448 3452 part.
477 3397 528 3434 c.
557 3377 596 3434 i.
642 3378 845 3450 Marti.
876 3379 1136 3436 Peresius
1155 3376 1256 3434 lib.
1288 3375 1359 3434 de
1397 3375 1616 3434 Tradit.
1667 3383 1811 3452 part.
1844 3379 1900 3434 3.
1948 3377 2290 3436 considerat.
2337 3382 2393 3436 7.
2412 3378 2573 3446 hanc
2592 3378 2709 3438 dis-

301 3455 636 3514 tinctionem
665 3456 1028 3534 improbavit,
1059 3465 1206 3515 teste
1231 3443 1607 3514 Bellarmino.

383 3535 635 3594 XXIV.
680 3539 736 3594 4.
772 3535 888 3596 Sed
915 3557 990 3595 ex
1017 3537 1144 3613 ipsa
1170 3545 1382 3594 natura
1429 3536 1519 3594 rei
1557 3535 1763 3594 fortius
1811 3534 2000 3592 adhuc
2028 3536 2323 3595 refellitur.
2385 3537 2533 3595 Nam
2556 3559 2705 3614 cum,

299 3615 388 3674 uti
409 3617 530 3691 jam
551 3615 823 3689 diximus,
843 3619 1049 3675 unicus
1072 3624 1296 3675 tantum
1313 3615 1482 3675 detur
1499 3616 1691 3674 cultus
1707 3613 1809 3672 reli
1815 3614 2029 3690 giosus,
2050 3615 2466 3690 qualiscunque
2496 3618 2571 3675 sit
2588 3618 2709 3675 cul-

299 3703 394 3753 tus
411 3695 604 3768 duliae,
628 3695 676 3752 si
695 3694 1000 3771 religiosus
1021 3695 1248 3770 dicitur,
1273 3715 1388 3754 non
1410 3695 1623 3754 desinit
1650 3695 1709 3752 in
1730 3695 1917 3752 Deum
1936 3714 2061 3754 esse
2084 3695 2550 3770 contumeliosus,
2574 3697 2712 3772 quia

301 3783 618 3833 creaturam
654 3775 764 3832 Dei
792 3775 1140 3852 perfectione
1157 3776 1362 3850 induit,
1398 3777 1454 3833 ei
1475 3775 1734 3834 tribuens
1754 3774 2037 3833 infinitam
2056 3774 2439 3851 cognitionem
2464 3783 2523 3833 et
2552 3795 2707 3834 scru-

301 3855 578 3914 tationem
607 3854 882 3930 cordium,
915 3863 974 3914 et
1001 3855 1118 3913 vim
1150 3855 1491 3914 sublevandi
1519 3856 1741 3914 animas
1767 3874 1997 3932 pressas
2016 3875 2189 3914 sensu
2216 3854 2455 3930 peccati.
2540 3854 2709 3927 Quod

301 3934 352 3992 si
379 3935 439 3991 in
468 3933 670 3992 schola
699 3953 1042 4013 nuperorum
1074 3934 1501 4012 Theologorum
1534 3934 1747 3994 versati
1770 3935 2013 3994 fuissent
2041 3933 2247 3992 Ariani
2275 3933 2431 4008 olim,
2463 3935 2563 4010 qui
2584 3933 2707 3994 ido-

297 4013 544 4072 lolatriae
566 4015 957 4090 arguebantur
984 4035 1018 4072 a
1048 4015 1318 4074 Patribus
1347 4023 1404 4074 et
1432 4014 1941 4092 Anthropolatriae,
1972 4015 2139 4074 facile
2172 4013 2455 4090 patuisset
2480 4013 2598 4071 illis
2627 4016 2707 4074 ef·

299 4092 524 4169 fugium
552 4091 664 4151 hac
691 4093 1074 4171 distinctione,
1106 4095 1392 4154 dixissent
1437 4096 1588 4154 enim
1637 4115 1697 4153 se
1728 4095 1955 4154 Christo
1984 4093 2203 4154 deferre
2248 4093 2466 4152 cultum
2512 4093 2707 4171 duliae,

298 4192 417 4230 non
438 4171 640 4230 latriae.
709 4173 805 4232 Sic
849 4184 909 4234 et
935 4175 1196 4233 «Ioannes
1230 4175 1514 4252 potuisset
1561 4174 1799 4234 adorare
1848 4174 2143 4250 Angelum
2194 4173 2317 4232 sine
2362 4172 2615 4248 crimine,
2648 4184 2707 4234 et

302 4252 572 4328 Angelus
599 4254 884 4328 potuisset
911 4254 1130 4314 cultum
1158 4255 1322 4314 illum
1359 4255 1661 4314 admittere
1692 4255 1814 4312 sine
1853 4254 2127 4330 periculo,
2176 4251 2419 4329 Apocal.
2451 4253 2573 4312 xix.
2610 4257 2700 4331 10,

301 4339 360 4390 et
379 4333 526 4390 xxii.
557 4332 613 4404 8,
645 4351 816 4408 quam
845 4335 1100 4412 proclive
1129 4335 1280 4394 enim
1330 4335 1516 4393 fuerat
1561 4334 1606 4393 J
1608 4334 1781 4392 oanni
1828 4353 1891 4390 se
1920 4351 2213 4406 excusare,
2264 4341 2323 4390 et
2350 4331 2557 4410 dicere,
2588 4356 2706 4395 non

301 4412 487 4470 colere
516 4411 706 4487 ipsum
735 4414 893 4473 cultu
914 4414 1112 4488 latriae,
1146 4415 1248 4474 sed
1269 4414 1459 4473 duliae.
1549 4413 1666 4472 Sed
1687 4414 1965 4471 hactenus
1992 4411 2251 4471 inaudita
2270 4411 2457 4473 fuerat
2483 4417 2705 4476 novitia

299 4490 414 4548 ista
439 4489 751 4569 theologia,
783 4503 842 4553 et
893 4515 1000 4570 pro
1047 4503 1205 4553 certo
1251 4503 1542 4572 receptum
1585 4493 1817 4551 unicum
1868 4500 2092 4550 tantum
2120 4493 2339 4552 cultum
2366 4495 2703 4572 religiosum

302 4567 442 4646 dari,
475 4580 534 4630 et
561 4572 792 4646 quidem
825 4574 932 4633 soli
961 4575 1090 4632 Deo
1118 4575 1395 4633 debitum.
1427 4577 1483 4633 5.
1530 4575 1624 4632 Ex
1642 4573 2103 4632 adversariorum
2122 4575 2324 4649 praxi.
2387 4576 2537 4633 Nam
2564 4575 2703 4634 lieet

303 4667 511 4710 nomen
541 4673 768 4737 ameum
797 4654 1138 4714 deludendae
1176 4653 1331 4732 plebi
1358 4660 1693 4713 removeant
1720 4673 1755 4712 a
1772 4653 1931 4714 'cultu
1950 4662 2355 4730 creaturarum,
2380 4664 2597 4714 certum
2620 4665 2709 4712 est

3208 4239 3221 4612 μῲ-ῌΑ-
3218 4137 3220 4192 —
3214 3895 3221 4098 4—u.-„i
3218 3847 3220 3852 .
3218 3735 3220 3738 i
