3234 5192
18 4405 28 4532 ——u—-
21 4370 29 4381 .

245 385 480 426 msrvr.
511 363 618 445 11.]'
995 387 1222 429 11081111
1251 390 1330 430 Aa
1359 390 1640 432 :ceusu
1669 389 1936 434 nomm.
2601 377 2677 435 35

251 525 596 584 Sacerdotes
645 533 704 582 et
747 523 972 584 Levitae
1017 526 1275 604 legitime
1319 530 1514 588 vocati
1559 530 1739 588 sacris
1776 529 2174 608 operabantur,
2208 529 2561 609 (quanquam
2592 533 2676 592 fa·

247 604 488 662 tendum
519 613 608 664 est
646 623 836 681 neque
865 605 1022 664 illam
1073 608 1410 684 Ecclesiam,
1455 610 1592 668 licet
1620 610 1949 686 gravissimi
1983 611 2204 685 peccati
2252 631 2427 682 ream,
2484 613 2675 672 adhuc

247 683 512 744 absolute
541 705 578 742 a
610 685 734 742 Deo
777 685 1048 761 rejectam
1089 687 1282 760 fuisse,
1329 709 1466 748 81108
1505 689 1659 748 enim
1716 689 1791 746 ad
1830 709 1957 748 eam
1999 688 2189 748 adhuc
2241 691 2508 748 mittebat
2544 711 2675 766 pro-

247 763 470 840 phetas,
524 783 662 822 81108
712 763 961 823 habebat
1009 766 1069 824 in
1110 786 1178 825 ea
1225 768 1426 828 fideles
1475 778 1535 827 et
1588 769 1821 842 electos,
1852 785 2133 842 suumque
2182 768 2371 826 adhuc
2426 769 2675 830 vocabat

246 843 544 918 populum,
579 848 615 901 2
647 843 797 918 Reg.
841 843 922 902 ix.
973 848 1028 920 6,
1061 849 1144 924 9.)
1253 849 1369 908 Sed
1411 849 1522 907 1100
1562 858 1788 908 1011111111
1815 847 2085 904 volumus
2132 847 2301 923 plane
2330 848 2503 906 aliam
2544 868 2673 908 0880

247 921 308 978 in
338 923 448 980 hoc
475 923 714 1000 negotio
743 923 891 981 Elias
913 933 971 982 et
997 927 1180 984 nostri
1207 928 1506 986 rationem.
1589 927 1713 986 Nec
1742 926 1955 1004 opponi
1981 927 2075 984 hic
2104 926 2293 1001 debet,
2324 927 2481 1005 quod
2512 927 2675 988 Elias

247 1001 574 1060 interfuerit
618 1003 792 1061 etiam
844 1005 1021 1062 sacris
1076 1005 1470 1080 idololatricis,
1501 1007 1733 1084 quando
1780 1026 1897 1064 non
1946 1015 2011 1064 ut
2038 1008 2400 1084 approbator,
2454 1007 2559 1066 sed
2606 1017 2673 1068 ut

247 1080 446 1139 irrisor
485 1081 743 1140 adfuisse
784 1083 1012 1159 legitur,
1038 1101 1160 1142 non
1189 1086 1288 1161 qui
1325 1087 1397 1144 iis
1425 1087 1889 1159 communicaret,
1920 1085 2025 1144 sed
2052 1086 2151 1163 qui
2180 1107 2377 1162 aprum
2406 1087 2670 1164 impieta-

247 1171 364 1218 tem
393 1169 452 1220 et
473 1161 780 1220 stultitiam
809 1165 1114 1222 sarcastice
1137 1165 1476 1240 traduceret,
1533 1169 1560 1223 1
1597 1167 1745 1242 Reg.
1776 1165 1940 1223 xviii.
1972 1170 2068 1224 27.
2156 1167 2253 1224 Sic
2293 1167 2547 1225 adfuisse
2588 1167 2670 1226 le·

245 1240 407 1316 gitur
432 1241 525 1298 vir
553 1241 664 1300 Dei
714 1261 879 1300 sacro
920 1243 1344 1319 Jeroboamico,
1377 1265 1506 1303 cum
1535 1245 1661 1321 ipse
1688 1265 1793 1302 rex
1840 1245 2041 1302 vitulis
2088 1245 2427 1320 immolaret,
2470 1246 2573 1304 sed
2600 1265 2670 1305 00

247 1320 412 1378 venit
458 1321 668 1378 missus
696 1342 732 1379 a
775 1321 920 1395 Deo,
971 1332 1038 1382 ut
1085 1324 1322 1399 impium
1372 1325 1591 1382 cultum
1636 1323 2035 1397 detestaretur,
2086 1324 2157 1382 iis
2205 1325 2451 1400 adjectis
2478 1326 2669 1400 minis,

247 1419 400 1474 quas
430 1399 588 1458 Deus
615 1400 701 1458 illi
727 1401 1122 1478 mandaverat,
1159 1407 1186 1460 1
1224 1404 1370 1480 Reg.
1403 1403 1526 1460 xiii.
1562 1406 1612 1476 l,
1646 1407 1702 1462 2.
1751 1401 1867 1461 Sed
1895 1401 2038 1460 alias
2066 1419 2173 1460 nee
2221 1403 2517 1479 propheta,
2562 1424 2671 1462 nec

243 1477 384 1553 pius
431 1479 584 1537 ullus
611 1480 837 1538 ostendi
885 1491 1092 1556 potest,
1143 1483 1280 1559 quia
1325 1489 1610 1541 noverant
1638 1501 1704 1541 se
1748 1481 1811 1540 id
1850 1499 1967 1539 non
2008 1479 2276 1556 facturos,
2307 1483 2449 1559 quin
2475 1483 2670 1560 aliquo

245 1557 553 1632 sacrilegio
580 1579 640 1618 se
662 1562 1136 1620 contaminarent.

330 1637 510 1696 VIII.
555 1638 656 1695 Ad
685 1643 822 1698 3um
872 1638 943 1696 de
989 1641 1100 1717 piis
1141 1641 1394 1717 regibus,
1425 1642 1524 1718 qui
1573 1640 1809 1700 excelsa
1853 1659 1971 1698 non
2012 1641 2388 1700 sustulerunt.
2480 1641 2553 1699 R.
2588 1645 2665 1699 1⁰·

244 1716 522 1793 pietatem
549 1737 746 1776 eorum
775 1718 1009 1794 quidem
1038 1721 1098 1776 in
1140 1721 1364 1779 caeteris
1403 1721 1645 1794 laudari,
1690 1719 1795 1778 sed
1833 1719 2048 1780 factum
2090 1719 2201 1778 1100
2228 1729 2421 1780 tamen
2448 1721 2667 1798 peculi-

246 1796 420 1854 ariter
447 1796 606 1874 carpi
635 1805 693 1856 et
719 1798 1051 1874 vituperari,
1083 1799 1236 1857 utin
1269 1800 1594 1872 Salomone,
1630 1803 1659 1858 1
1694 1799 1843 1875 Reg.
1874 1799 1954 1857 iii.
2000 1803 2055 1874 3,
2090 1802 2125 1832 “
2160 1799 2433 1858 Salomon
2462 1800 2669 1860 dilexit

247 1875 562 1934 Dominum
591 1885 650 1936 et
690 1877 1012 1936 ambulavit
1051 1878 1112 1935 in
1141 1880 1372 1938 statutis
1403 1879 1650 1938 Davidis
1696 1879 1877 1956 patris
1919 1879 2025 1952 sui,
2058 1879 2417 1938 sacrificabat
2443 1888 2669 1940 tantum

244 1963 304 2014 et
333 1955 631 2014 incensum
661 1955 936 2016 offerebat
965 1958 1024 2014 in
1052 1958 1358 2016 excelsis.'’
1411 1959 1490 2017 Et
1533 1959 1592 2016 in
1622 1959 1885 2033 Amazia,
1917 1962 1955 2016 2
1986 1958 2135 2034 Reg.
2164 1957 2245 2016 iii.
2286 1963 2341 2018 3.
2372 1969 2431 2017 et
2457 1959 2581 2018 xiv.
2610 1963 2667 2020 3.

242 2044 302 2092 01
328 2055 430 2092 xv.
461 2037 560 2093 34.
646 2037 682 2067 “
703 2036 868 2096 Fecit
895 2037 1052 2113 quod
1079 2047 1306 2114 gratum
1335 2046 1426 2097 est
1453 2039 1600 2113 Deo,
1632 2037 1735 2096 sed
1762 2055 1880 2095 non
1928 2037 2077 2096 sicut
2106 2037 2319 2110 David,
2378 2037 2511 2096 110111
2566 2058 2667 2098 ex-

243 2113 398 2172 celsa
425 2134 544 2172 non
571 2113 803 2173 fuerunt
829 2125 1066 2192 remota,
1090 2124 1150 2175 et
1175 2118 1424 2194 populus
1451 2117 1643 2176 adhuc
1670 2115 2029 2176 sacrificabat
2072 2116 2131 2174 in
2160 2117 2465 2176 excelsis.''
2550 2117 2669 2176 Ve-

243 2213 369 2251 rum
398 2193 633 2270 quidem
663 2203 766 2268 est,
799 2206 930 2254 ante
959 2205 1318 2255 exstructum
1358 2198 1639 2274 templum
1679 2196 1761 2254 ibi
1804 2216 1969 2254 sacra
1994 2195 2181 2254 facere
2220 2196 2443 2254 licitum
2470 2195 2669 2270 fuisse,

243 2281 306 2332 ut
339 2272 574 2332 Samuel
600 2273 660 2330 in
688 2275 922 2332 excelso
951 2275 1311 2349 sacrificavit,
1348 2279 1376 2334 1
1415 2277 1568 2335 Sam.
1597 2276 1681 2334 ix.
1714 2279 1807 2334 12.
1838 2285 1897 2334 et
1924 2275 2045 2332 xvi.
2076 2277 2131 2348 3,
2162 2275 2223 2332 in
2250 2293 2385 2332 area
2413 2275 2674 2334 Araunae

245 2351 460 2425 David,
489 2355 520 2409 1
554 2353 723 2410 Chre.
754 2353 877 2412 xxi.
907 2359 1004 2428 27,
1035 2357 1130 2430 28,
1163 2357 1258 2429 29,
1292 2359 1388 2414 30.
1463 2356 1739 2414 Salomon
1766 2363 1825 2414 et
1852 2354 2100 2432 populus
2128 2353 2189 2412 in
2216 2353 2467 2412 excelsis
2494 2354 2666 2412 sacri·

241 2430 456 2504 ficavit,
493 2435 524 2489 1
557 2432 704 2507 Reg.
736 2433 816 2490 iii.
847 2437 902 2500 2,
935 2437 988 2508 3,
1021 2439 1078 2492 4.
1163 2435 1241 2494 Et
1269 2435 1448 2493 variis
1472 2455 1548 2493 cx
1575 2435 1721 2494 10018
1742 2442 1967 2494 constat
2008 2433 2303 2510 prophetis
2331 2453 2669 2493 concessum

241 2530 386 2583 esse,
417 2521 485 2569 ut
513 2511 574 2568 in
593 2512 766 2570 certis
793 2513 1136 2588 quibusdam
1167 2513 1396 2572 casibus
1423 2525 1590 2574 extra
1617 2513 1877 2572 ordinem
1898 2513 2055 2588 alibi,
2086 2531 2259 2589 quam
2288 2533 2463 2590 supra
2488 2513 2671 2572 altare

244 2589 574 2648 Mosai'cum
603 2591 882 2650 sacrificia
907 2594 1222 2668 praesertim
1251 2594 1631 2653 eucharistica
1658 2593 1943 2666 offerrent,
1968 2591 2125 2669 quod
2152 2593 2213 2651 in
2242 2592 2486 2652 abusum
2514 2592 2668 2651 ordi-

241 2669 466 2728 narium
494 2679 696 2746 postea
721 2673 900 2730 traxit
926 2672 1191 2749 populus·
1277 2673 1425 2747 Quia
1451 2693 1591 2732 vero
1619 2673 1681 2731 in
1708 2693 1837 2732 eam
1865 2692 1985 2730 rem
2016 2671 2409 2748 seligebantur
2434 2672 2671 2748 potissi-

241 2768 401 2807 mum
430 2749 609 2808 colles
637 2759 696 2808 et
723 2749 849 2808 loca
876 2751 1123 2825 excelsa,
1153 2751 1288 2810 hinc
1309 2755 1683 2811 Excelsorum
1721 2771 1931 2810 nomen
1959 2751 2159 2810 datum
2186 2758 2277 2809 est
2303 2751 2375 2809 iis
2402 2751 2677 2812 omnibus

241 2827 404 2902 locis,
435 2830 498 2886 in
525 2829 738 2905 quibus
765 2849 928 2888 sacra
959 2832 1083 2890 Deo
1111 2831 1328 2890 fiebant
1355 2841 1524 2890 extra
1560 2833 1753 2891 locum
1795 2851 1832 2888 a
1860 2830 1987 2888 Deo
2017 2829 2411 2889 constitutum.
2498 2830 2669 2902 Quod

245 2907 468 2967 Gentes
495 2909 668 2966 etiam
697 2910 982 2986 κακοζηλιὴ
1019 2910 1270 2987 quadam
1299 2911 1608 2986 imitanteS,
1640 2911 1699 2968 in
1730 2909 1976 2969 collibus
2004 2917 2063 2967 et
2088 2907 2233 2965 10018
2261 2908 2508 2966 excelsis
2536 2907 2671 2966 sana

243 2995 302 3045 et
349 2987 556 3046 altaria
605 2988 734 3046 Diis
763 2991 882 3048 suis
927 2990 1244 3066 erigebant,
1288 2991 1443 3048 unde
1480 3009 1600 3047 vox
1631 2989 1839 3048 Graeca
1862 2991 2031 3061 βυμὶς
2058 2986 2133 3044 ab
2177 2985 2331 3043 Heb.
2361 3008 2487 3058 ms,
2513 2986 2669 3061 quod

243 3070 522 3126 excelsum
579 3070 758 3126 locum
812 3077 990 3144 notat,
1033 3069 1336 3128 manifeste
1379 3068 1702 3126 deducitur.
1836 3067 1953 3124 Sed
1993 3073 2298 3142 postquam
2342 3064 2523 3123 semel
2564 3085 2665 3123 ex-

245 3155 528 3206 structum
557 3147 666 3206 fuit
693 3150 988 3224 templum,
1019 3169 1137 3206 non
1177 3147 1265 3206 fas
1294 3147 1402 3207 fuit
1429 3146 1677 3224 amplius
1706 3145 1767 3203 in
1808 3145 2055 3204 excelsis
2106 3143 2444 3219 sacrificare,
2476 3144 2583 3224 8011
2606 3145 2671 3208 in

243 3227 370 3284 solo
410 3227 646 3303 templo,
753 3227 924 3286 Unde
965 3248 1082 3286 non
1126 3227 1358 3286 carebat
1384 3227 1528 3286 vitio
1573 3225 1765 3285 cultus
1806 3225 1869 3282 in
1909 3224 2173 3298 excelsis,
2220 3223 2323 3283 sed
2364 3237 2669 3301 peccatum

245 3312 438 3363 tamen
457 3305 756 3365 differebat
773 3327 808 3365 a
836 3309 1072 3366 crimine
1095 3306 1544 3365 idololatrarum.
1613 3306 1774 3364 Nam
1786 3304 1945 3381 quod
1973 3309 2052 3363 20·
2082 3304 2212 3362 1000
2242 3305 2669 3364 observandum

244 3393 350 3458 est,
395 3385 790 3445 tolerabantur
833 3408 868 3446 a
902 3388 1015 3464 piis
1059 3386 1294 3462 regibus
1338 3386 1586 3459 excelsa,
1638 3405 1755 3444 non
1792 3394 1859 3444 ut
1900 3385 1961 3442 in
1998 3384 2071 3442 iis
2119 3383 2249 3442 falsi
2300 3383 2400 3441 Dii
2427 3393 2485 3442 et
2512 3385 2671 3450 idola

244 3464 586 3538 colerentur,
617 3465 721 3524 sed
747 3485 922 3526 verus
948 3474 1172 3526 tantum
1223 3466 1400 3540 Deus,
1449 3464 1713 3523 Bahalim
1744 3465 1897 3522 enim
1926 3473 1985 3523 01
2012 3473 2219 3522 caetera
2260 3463 2433 3536 idola,
2456 3465 2669 3540 quibus

245 3561 410 3602 saera
455 3543 688 3617 fiebant,
718 3545 990 3604 dicuntur
1031 3545 1406 3621 destruxisse,
1437 3545 1685 3621 ideoque
1732 3544 2059 3602 laudantur.
2164 3543 2474 3602 Peccatum
2526 3563 2667 3621 ergo

244 3620 374 3697 fuit,
406 3622 512 3682 sed
533 3623 594 3682 in
627 3627 746 3682 loco
779 3628 954 3684 cultus
995 3633 1236 3700 tantum,
1267 3645 1384 3684 non
1412 3644 1551 3683 vero
1593 3625 1657 3682 in
1701 3625 1922 3699 objecto·
2010 3621 2127 3681 Sed
2176 3622 2466 3680 Pontificii
2494 3623 2671 3700 longe

242 3701 412 3760 aliter
437 3722 500 3761 se
522 3712 746 3779 gerunt,
778 3724 884 3763 nec
911 3705 1065 3763 enim
1093 3713 1336 3780 peceant
1355 3703 1506 3762 circa
1531 3703 1741 3777 10011111,
1770 3703 1930 3779 quod
1955 3701 2145 3760 levius
2172 3709 2341 3776 esset,
2388 3699 2491 3759 sed
2520 3701 2673 3760 circa

245 3783 510 3858 objectum
549 3784 730 3860 ipsum
758 3792 818 3842 et
842 3787 1068 3842 modum
1096 3783 1304 3857 01111118,
1333 3791 1401 3842 111
1420 3783 1544 3858 jam
1565 3783 1689 3858 jam
1719 3801 1917 3841 sumus
1945 3781 2258 3857 probaturi.
2345 3777 2553 3860 Itaque
2580 3788 2670 3842 est

239 3860 332 3920 hie
361 3861 592 3920 fallacia
615 3863 856 3939 parium,
901 3884 1010 3922 nec
1035 3863 1110 3921 ab
1141 3883 1254 3922 uno
1283 3862 1358 3921 ad
1385 3861 1544 3921 aliud
1571 3862 1729 3922 valet
1756 3860 2182 3937 consequentia.

323 3941 446 3999 IX.
490 3941 592 4000 Ad
619 3948 758 4000 4um
807 3942 878 4000 de
905 3945 1212 4001 Naamanc
1233 3943 1380 4017 Syro
1409 3961 1484 3999 ex
1526 3945 1562 4000 2
1609 3942 1757 4017 Reg.
1788 3961 1845 3998 v.
1876 3959 1932 3998 n.
1968 3943 2043 3996 1⁰·
2076 3937 2322 4014 Regulis
2350 3944 2410 3994 et
2434 3934 2667 4011 legibus

244 4019 578 4096 vivendum,
609 4041 724 4080 non
773 4022 1072 4099 exemplis,
1117 4041 1304 4098 neque
1333 4021 1384 4080 si
1410 4020 1633 4097 aliquid
1668 4021 1860 4078 minus
1900 4027 2055 4077 recte
2096 4019 2169 4075 ab
2200 4017 2325 4093 ipso
2353 4014 2669 4074 admissum

244 4109 348 4175 est,
381 4101 658 4159 continuo
691 4101 752 4158 in
785 4101 1114 4178 exemplum
1148 4099 1322 4159 debet
1362 4100 1546 4175 trahi;
1591 4109 1653 4160 et
1692 4100 1899 4158 mirum
1939 4106 2028 4156 est
2054 4097 2319 4155 homines
2344 4095 2505 4168 18108,
2537 4114 2670 4154 cum

243 4177 498 4238 habeant
534 4180 596 4237 in
625 4179 822 4239 Verbo
851 4181 1006 4239 viam
1048 4179 1452 4254 universalem,
1484 4201 1552 4238 00
1591 4181 1741 4239 bene
1783 4178 1995 4251 tritam,
2026 4177 2089 4234 in
2128 4196 2243 4253 qua
2282 4193 2399 4230 11011
2427 4183 2672 4249 possunt

244 4258 528 4334 aberrare,
560 4259 622 4316 in
648 4259 991 4336 particulare
1019 4259 1346 4336 exemplum
1371 4268 1643 4336 tanquam
1668 4259 1729 4316 in
1756 4265 2057 4334 angustam
2090 4255 2351 4314 semitam
2382 4252 2673 4314 declinare

243 4338 434 4412 malle,
466 4337 530 4396 111
565 4359 682 4416 qua
713 4339 900 4398 facilis
929 4339 1004 4398 sit
1031 4359 1205 4398 error.
1265 4339 1527 4396 Naaman
1555 4339 1748 4397 adhuc
1777 4335 2185 4412 semipaganus
2212 4339 2271 4390 et
2300 4331 2517 4404 m'cpwm
2547 4335 2671 4393 exi-

245 4437 418 4494 guam
465 4425 690 4476 tantum
733 4419 1132 4496 intelligentiae
1176 4418 1484 4478 scintillam
1525 4418 1797 4488 habebat,
1826 4415 1957 4473 ideo
1998 4433 2116 4480 non
2152 4411 2361 4472 mirum
2400 4413 2449 4472 si
2482 4415 2675 4475 adhuc

243 4495 519 4571 haerebat,
551 4497 656 4556 sed
685 4497 996 4556 Christiani
1023 4499 1085 4556 in
1119 4507 1280 4556 tanta
1309 4497 1620 4575 Evangelii
1662 4497 1809 4568 luce,
1840 4493 2130 4570 quomodo
2158 4492 2347 4552 adhuc
2378 4497 2673 4572 caespitare

245 4585 492 4652 possunt
520 4575 644 4636 sine
672 4577 838 4654 gravi
893 4578 1130 4638 crimine
1151 4581 1179 4636 ἱ)
1223 4581 1302 4636 2⁰·
1351 4577 1416 4636 Si
1454 4585 1732 4654 urgeatur
1772 4572 2119 4651 exemplum,
2164 4582 2387 4637 tantum
2418 4573 2583 4632 abest
2609 4583 2679 4631 ut

245 4653 360 4716 iuis
377 4655 593 4732 faveat,
616 4666 682 4718 ut
711 4657 852 4718 satis
879 4667 1074 4738 aperte
1122 4657 1478 4734 adversetur,
1521 4676 1657 4716 nam
1686 4653 1916 4734 publice
1945 4653 2045 4715 illc
2072 4653 2363 4736 abjuravit
2388 4651 2675 4714 idolorum
