3234 5192
519 348 636 408 202
676 402 679 407 .
1282 368 1361 409 ns
1389 366 1752 410 sucessum
1780 366 2128 409 secessione
2499 344 2763 428 [maror.
2793 367 2927 411 vm.

516 524 635 565 non
662 506 877 583 pariter
901 506 977 565 ab
1002 506 1123 566 illis
1140 510 1171 567 Ρ
1252 505 1367 567 Vel
1407 507 1458 567 si
1500 524 1633 567 cum
1685 505 1803 566 illis
1843 524 2152 584 possumus
2199 508 2662 566 communionem
2712 509 2920 587 colere,

512 584 716 663 quidni
737 586 909 646 etiam
938 606 1069 646 cum
1090 587 1219 646 istis
1238 590 1269 646 ?
1349 588 1524 664 Resp.
1556 588 1770 646 Fateor
1789 586 2002 665 dogma
2021 587 2132 646 hoc
2155 586 2614 646 Lutheranorum
2635 588 2752 647 tale
2773 608 2918 665 esse,

512 664 672 741 quod
710 684 746 723 a
785 666 954 724 nobis
994 666 1227 745 probari
1266 686 1383 727 non
1424 668 1642 744 possit;
1703 664 1807 725 sed
1846 685 2128 744 negamus
2169 666 2431 743 ejusdem
2473 684 2600 725 esse
2641 670 2921 729 momenti

512 764 646 803 cum
690 745 977 805 erroribus
1040 745 1474 805 Pontificiorum
1518 746 1672 804 circa
1723 745 1836 803 hoc
1883 753 2072 823 caput.
2163 748 2216 804 1.
2261 744 2410 820 Quia
2454 745 2748 805 Pontificii
2799 767 2920 807 non

510 831 705 883 errant
745 824 931 882 solum
974 824 1033 882 in
1060 826 1365 903 praesentia
1407 825 1550 883 reali
1593 825 1849 901 corporis
1890 824 2121 901 Christi,
2165 824 2269 885 sed
2322 825 2384 882 in
2436 826 2918 885 transubstantia-

509 902 684 977 tione,
732 903 1013 962 sacrificio
1080 905 1391 979 missatico,
1456 904 1790 963 adoratione
1854 903 2075 978 hostiae,
2136 904 2556 963 substractione
2597 905 2812 980 calicis,
2857 914 2918 967 et

508 982 656 1053 aliis,
688 1002 818 1058 quae
840 984 1043 1059 gravia
1071 992 1206 1043 sunt
1231 993 1291 1042 et
1317 983 1601 1061 capitalia,
1632 1002 1762 1060 quae
1789 984 1877 1041 illi
1903 991 2234 1043 constanter
2279 982 2576 1042 nobiscum
2624 985 2912 1061 rejiciunt.

510 1066 568 1120 2.
614 1062 791 1119 Error
836 1061 1295 1121 Lutheranorum
1342 1070 1433 1122 est
1478 1083 1634 1122 mere
1683 1064 2040 1138 theoreticus3
2083 1062 2185 1140 qui
2227 1071 2477 1121 mentem
2506 1063 2739 1140 quidem
2768 1063 2915 1123 falsa

511 1140 782 1219 opinione
808 1140 1034 1217 imbuit,
1065 1142 1170 1201 sed
1195 1142 1294 1219 qui
1322 1142 1734 1202 conscientiam
1774 1151 2080 1221 propterea
2121 1161 2238 1200 non
2282 1140 2482 1216 inficit,
2511 1150 2578 1201 ut
2604 1142 2826 1220 aliquid
2851 1143 2914 1201 in

508 1220 671 1279 cultu
698 1220 1049 1297 admittatur,
1088 1222 1247 1298 quod
1286 1222 1671 1281 idololatriam
1699 1222 1902 1301 sapiat.
1966 1221 2132 1281 Licet
2159 1221 2312 1280 enim
2343 1222 2635 1280 Christum
2662 1242 2912 1299 proesen-

508 1308 627 1359 tem
674 1320 803 1359 esse
844 1301 1029 1361 velint
1062 1301 1124 1359 in
1162 1310 1535 1377 sacramente,
1566 1310 1762 1361 tamen
1809 1301 2202 1361 adorationem
2257 1301 2600 1360 sacramenti
2643 1321 2750 1359 nec
2797 1302 2910 1378 ipsi

510 1388 850 1456 agnoscunt,
874 1400 983 1441 nec
1009 1381 1141 1440 aliis
1160 1380 1479 1459 imponunt,
1505 1381 1609 1440 sed
1637 1388 1831 1459 aperte
1859 1381 2222 1458 impugnant.
2255 1382 2292 1413 ‘⁴
2312 1380 2508 1438 Primo
2535 1380 2794 1456 dicunt,’¹
2826 1380 2910 1440 sic

504 1458 763 1537 loquitur
782 1460 1141 1520 Cbemnitius
1168 1461 1230 1519 in
1258 1462 1465 1519 Exam.
1490 1460 1687 1520 Conci.
1733 1461 1991 1520 Trident.
2012 1480 2071 1538 p.
2101 1462 2158 1535 2,
2203 1458 2276 1517 de
2313 1460 2682 1518 veneratione
2720 1480 2908 1519 sacra-

506 1539 702 1614 menti,
734 1538 806 1597 de
847 1540 1182 1614 Pontificiis,
1216 1540 1457 1618 “ipsum
1485 1548 1905 1599 sacramentum
1935 1538 2328 1613 Eucharistiae,
2361 1558 2463 1596 seu
2505 1547 2691 1598 totum
2744 1538 2909 1615 illud,

507 1617 665 1693 quod
707 1637 744 1674 a
780 1618 1031 1677 Domino
1060 1627 1125 1677 ut
1152 1628 1411 1678 sumatur
1448 1619 1778 1678 institutum
1827 1626 1932 1693 est,
1981 1637 2109 1677 esse
2137 1617 2297 1677 cultu
2323 1617 2506 1675 latriae
2535 1617 2910 1677 adorandum.

507 1696 694 1771 Atqui
724 1696 1109 1771 Eucharistia,
1134 1698 1310 1775 juxta
1350 1698 1569 1757 dictum
1601 1698 1826 1772 Irenaei,
1859 1704 2086 1756 constat
2112 1696 2338 1757 duabus
2365 1697 2555 1772 rebus,
2586 1706 2812 1757 terrena
2849 1705 2910 1757 et

506 1775 747 1834 coelesti.
830 1776 1044 1835 Essent
1066 1775 1244 1853 igitur
1262 1777 1435 1836 etiam
1463 1785 1692 1835 terrena
1711 1778 1997 1836 elementa
2022 1776 2188 1853 panis
2215 1784 2276 1835 et
2303 1776 2426 1833 vini
2451 1776 2513 1833 in
2543 1776 2907 1836 Eucharistia

504 1854 667 1913 cultu
712 1854 897 1913 latriae
944 1854 1252 1929 adoranda,
1294 1855 1451 1932 quod
1476 1875 1513 1914 a
1538 1855 1844 1916 manifesto
1879 1856 2220 1915 idololatriae
2256 1875 2360 1915 seu
2404 1872 2759 1936 ιςτολιιτςιιας
2797 1856 2908 1914 cri-

503 1934 658 1994 mine
686 1935 950 1993 excusari
978 1942 1037 1994 et
1064 1934 1295 1994 defendi
1320 1935 1483 1995 nullo
1508 1934 1684 1993 modo
1709 1936 1962 2012 posset.”
2025 1936 2103 1994 Et
2128 1942 2345 2012 postea,
2393 1938 2430 1969 “
2452 1935 2556 1993 Ad
2589 1935 2908 1995 cavendam

504 2013 683 2091 igitur
716 2014 1100 2073 idololatriam
1136 2013 1350 2073 diserte
1395 2014 1871 2091 distinguendum
1912 2022 2018 2073 est.
2103 2014 2368 2073 Christus
2412 2014 2574 2073 Deus
2610 2023 2670 2073 et
2708 2014 2904 2075 Homo

504 2093 566 2151 in
610 2092 809 2151 divina
851 2100 911 2152 et
952 2094 1205 2152 humana
1242 2102 1448 2153 natura
1474 2094 1537 2151 in
1562 2095 1788 2154 actione
1815 2112 2069 2171 praesens
2096 2094 2381 2168 adoretur,
2413 2093 2736 2153 substantia
2768 2114 2910 2153 vero

502 2172 601 2231 vel
642 2174 864 2250 species
904 2174 1316 2233 elementorum
1363 2174 1529 2251 panis
1576 2181 1637 2232 et
1682 2173 1806 2231 vini
1853 2193 1969 2232 non
2010 2171 2336 2247 adorentur,
2366 2193 2475 2231 nec
2499 2178 2714 2251 praeter‘
2735 2174 2910 2233 Crea-

502 2260 686 2311 torem
740 2253 913 2312 etiam
969 2260 1289 2312 creaturam
1344 2254 1661 2328 colamus,’'
1707 2252 1816 2311 &c.
1903 2252 2020 2311 Sed
2076 2252 2366 2311 Pontificii
2419 2271 2536 2311 non
2589 2252 2686 2312 hic
2732 2252 2906 2311 modo

502 2333 807 2407 theoretice,
852 2332 955 2391 sed
992 2341 1051 2391 et
1086 2333 1343 2408 practice
1386 2332 1557 2391 etiam
1599 2340 1808 2407 errant,
1853 2340 1914 2391 et
1947 2331 2182 2409 quidem
2210 2332 2568 2408 gravissime,
2599 2332 2738 2391 dum
2765 2331 2907 2391 ado-

501 2411 782 2469 rationem
809 2412 1015 2470 hostiae
1035 2419 1095 2471 et
1116 2411 1358 2471 credunt
1378 2411 1489 2488 ipsi
1516 2418 1575 2471 et
1602 2411 1896 2487 exhibent,
1928 2420 1987 2470 et
2015 2411 2236 2470 caeteris
2265 2419 2536 2489 tanquam
2565 2431 2784 2470 summe
2806 2430 2908 2471 ne-

502 2490 807 2548 cessariam
849 2489 958 2549 sub
997 2510 1171 2568 poena
1218 2491 1599 2550 anathematis
1641 2491 1908 2551 omnibus
1949 2491 2268 2567 imponunt.
2351 2494 2408 2549 3.
2453 2490 2768 2549 Lutherani
2808 2491 2906 2550 hic

498 2568 778 2628 falluntur
802 2589 954 2647 resp.
984 2571 1104 2645 loci,
1137 2570 1274 2630 dum
1302 2578 1509 2647 putant
1529 2590 1737 2648 eorpus
1767 2570 1980 2630 Christi
2007 2569 2090 2628 ibi
2117 2588 2261 2645 esse,
2291 2569 2394 2629 ubi
2419 2590 2536 2628 non
2563 2578 2654 2629 est
2681 2590 2902 2647 revera,

502 2648 605 2707 sed
641 2668 759 2708 non
799 2649 994 2727 quoad
1030 2652 1313 2726 objectum,
1336 2658 1403 2709 ut
1443 2670 1547 2727 pro
1590 2669 1827 2727 corpore
1858 2649 2072 2708 Christi
2113 2648 2271 2708 aliud
2299 2649 2534 2725 aliquod
2561 2649 2901 2726 subjeetum,

499 2727 879 2789 substantiam
904 2737 1048 2808 puta
1072 2730 1255 2807 panis,
1296 2730 1597 2807 accipiant,
1645 2730 1783 2807 quia
1819 2728 2024 2787 volunt
2041 2748 2268 2805 semper
2293 2748 2523 2788 manere
2550 2748 2758 2806 panem
2783 2729 2902 2788 dis-

498 2807 739 2868 tinctum
769 2829 806 2868 a
844 2830 1080 2888 corpore
1100 2809 1330 2868 Christi.
1417 2808 1534 2869 Sed
1564 2808 1850 2869 Pontificii
1874 2828 1989 2867 non
2011 2808 2184 2868 modo
2199 2815 2441 2886 peccant
2466 2828 2616 2885 resp.
2647 2810 2766 2883 loci,
2799 2806 2905 2868 sed

496 2897 557 2947 et
582 2889 789 2965 objecti,
834 2889 973 2948 dum
1000 2908 1119 2949 non
1158 2896 1385 2949 tantum
1414 2889 1628 2948 Christi
1676 2908 1884 2966 corpus
1925 2888 2008 2947 ibi
2056 2906 2182 2946 esse
2231 2888 2492 2946 localiter
2535 2887 2897 2965 pertendunt,

496 2968 601 3027 sed
648 2970 837 3046 ipsum
883 2987 1091 3048 panem
1140 2969 1200 3027 in
1249 2988 1458 3046 corpus
1502 2968 1718 3028 Christi
1757 2976 2040 3028 mutatum
2071 2974 2370 3043 statuunt;
2419 2974 2593 3043 atque
2637 2968 2736 3040 ita,
2761 2966 2900 3025 dum

494 3048 739 3108 credunt
780 3068 841 3107 se
883 3049 1120 3107 adorare
1164 3049 1471 3124 Christum,
1515 3050 1708 3128 reipsa
1749 3048 1894 3106 nihil
1943 3046 2102 3107 aliud
2156 3066 2330 3123 quam
2376 3066 2580 3123 panem
2636 3046 2896 3121 adorant,

494 3135 555 3185 et
582 3128 665 3185 sic
692 3129 896 3186 merito
923 3129 983 3186 in
1019 3144 1375 3209 agressu-guas
1418 3128 1632 3187 crimen
1679 3129 1996 3187 incurrunt.
2080 3129 2137 3185 4.
2184 3125 2474 3184 Pontificii
2507 3125 2900 3185 adorationem

493 3205 699 3263 hostiae
746 3226 863 3263 non
911 3207 1083 3265 modo
1130 3208 1192 3265 in
1256 3227 1367 3266 usu
1416 3208 1758 3266 sacramenti
1801 3207 2083 3281 sanciunt,
2129 3206 2231 3265 sed
2280 3204 2451 3263 etiam
2501 3214 2668 3264 extra
2729 3225 2900 3264 usum

494 3302 598 3341 seu
644 3292 810 3341 extra
848 3284 1008 3342 illam
1048 3286 1333 3345 actionem
1376 3286 1676 3362 imperant,
1722 3295 1863 3362 puta
1905 3305 2084 3363 quum
2123 3284 2290 3363 panis
2335 3284 2398 3341 in
2437 3284 2900 3361 processionibus

492 3362 971 3438 circumgestatur
998 3372 1055 3422 et
1083 3364 1143 3421 in
1169 3364 1515 3441 repositione
1542 3364 1873 3439 includitur,
1905 3372 1970 3421 ut
2009 3371 2146 3421 tunc
2173 3364 2386 3441 populo
2415 3363 2741 3423 adorandus
2768 3385 2899 3442 pro-

492 3449 755 3517 ponatur.
843 3440 961 3499 Sed
978 3440 1310 3517 Lutherani,
1340 3442 1478 3501 licet
1504 3443 1723 3501 cultum
1748 3442 1960 3501 Christi
1978 3442 2036 3499 in
2065 3462 2174 3501 usu
2197 3444 2538 3502 sacramenti
2560 3454 2894 3521 agnoscant,

492 3527 658 3577 extra
683 3519 847 3579 illum
876 3528 1069 3580 tamen
1095 3523 1443 3598 peculiarem
1470 3521 1688 3580 cultum
1719 3530 1819 3580 aut
1850 3521 2239 3580 adorationem
2289 3522 2363 3581 ad
2406 3542 2611 3599 panem
2655 3523 2895 3581 circum-

492 3608 782 3677 gestatum
824 3600 923 3659 vel
984 3602 1301 3678 repositum
1366 3601 1541 3660 statui
1602 3621 1720 3659 non
1785 3620 1956 3677 posse
2013 3601 2136 3659 sine
2199 3602 2504 3660 manifesta
2570 3602 2897 3662 idololatria

490 3680 847 3757 profitentur.
934 3680 1142 3756 “Quid
1189 3679 1349 3741 aliud
1390 3682 1757 3757 possumus,”
1799 3680 1988 3757 inquit
2031 3679 2170 3740 ibid.
2219 3681 2475 3754 Chemm,
2510 3682 2734 3759 “juxta
2761 3702 2892 3740 nor·

489 3778 643 3817 mam
670 3760 835 3819 verbi
852 3760 1035 3819 divini
1053 3760 1336 3837 judicare,
1367 3778 1539 3837 quam
1579 3761 1756 3819 talem
1777 3760 1996 3819 cultum
2013 3780 2130 3818 non
2177 3780 2304 3819 esse
2331 3773 2758 3841 Χςιπολιιτςιιω,
2793 3762 2896 3820 sed

487 3855 843 3919 agroue-guar
861 3840 928 3898 ?'’
1000 3842 1055 3899 5.
1100 3839 1267 3899 Licet
1318 3840 1640 3917 praesentiae
1679 3838 1852 3899 realis
1899 3838 2112 3917 dogma
2158 3840 2320 3897 varia
2363 3842 2614 3899 absurda
2655 3848 2788 3917 post
2831 3860 2894 3899 se

488 3920 710 3993 trahat3
754 3920 891 3997 quia
930 3926 1125 3979 tamen
1168 3919 1485 3979 Lutherani
1522 3940 1593 3979 ea
1639 3939 1756 3978 non
1796 3928 2134 3996 agnoscunt,
2167 3927 2226 3979 et
2252 3920 2325 3977 ab
2353 3920 2446 3978 his
2473 3920 2780 3979 abhorrere
2829 3940 2890 3978 se

484 3999 841 4076 profitentur,
873 4009 930 4058 et
958 4006 1243 4058 testantur
1270 4018 1331 4057 se
1359 3997 1591 4059 credere
1618 3999 1940 4077 praesentiae
1967 3999 2136 4059 istius
2161 3998 2394 4057 modum
2434 4019 2560 4058 esse
2601 3998 2772 4075 plane
2801 4004 2893 4076 ιρ-

486 4084 619 4157 {uror
644 4087 703 4138 et
730 4077 1213 4155 inexplicabilem,
1256 4078 1359 4155 qui
1398 4097 1515 4136 non
1559 4080 1767 4154 obstet,
1815 4078 2122 4155 quominus
2164 4097 2373 4156 eorpus
2423 4078 2638 4137 Christi
2687 4080 2892 4137 saltem

483 4158 679 4234 quoad
700 4168 887 4216 actum
907 4166 1145 4233 naturoe,
1168 4166 1235 4216 ut
1252 4158 1585 4234 loquuntur,
1608 4158 1842 4217 unicum
1863 4156 2052 4215 locum
2073 4178 2318 4234 eumque
2335 4158 2892 4235 circumscriptivum

480 4246 755 4313 occupet;
800 4238 937 4313 quia
961 4246 1290 4295 naturarum
1340 4238 1402 4295 in
1430 4237 1660 4296 Christo
1695 4237 1996 4295 veritatem
2039 4244 2098 4295 et
2145 4237 2571 4297 distinctionem
2621 4256 2894 4314 expresse

476 4316 777 4373 nobiscum
806 4315 1166 4391 confitentur,
1212 4336 1329 4374 non
1358 4317 1550 4375 statim
1582 4324 1824 4394 possunt
1852 4323 1953 4375 aut
2001 4316 2216 4375 debent
2255 4316 2374 4375 illis
2416 4317 2659 4394 impingi
2689 4336 2890 4375 omnes

478 4393 611 4466 illae,
643 4413 772 4469 quse
802 4414 878 4452 ex
904 4395 1015 4452 hoc
1042 4394 1296 4471 ipsorum
1344 4395 1614 4472 dogmate
1662 4404 1904 4472 possunt
1952 4396 2100 4469 elici,
2132 4396 2578 4471 consequentiae,
2620 4397 2786 4472 quasi
2817 4395 2890 4455 de

474 4472 707 4531 illorum
736 4482 929 4533 essent
954 4474 1068 4533 fide
1100 4498 1113 4536 :
1156 4483 1221 4535 ut
1248 4495 1364 4535 non
1392 4484 1636 4552 possunt
1653 4478 1812 4553 juste
1840 4475 2009 4535 nobis
2037 4474 2362 4535 adscribere
2412 4483 2747 4553 portentosa
2787 4474 2892 4533 illa

472 4551 764 4629 dogmata,
795 4573 927 4631 quae
953 4574 1027 4613 ex
1056 4556 1350 4615 nonnullis
1390 4556 1751 4633 quorundam
1795 4554 2094 4615 doctorum
2138 4562 2466 4615 nostrorum
2494 4554 2692 4614 verbis
2733 4554 2888 4612 male

471 4631 781 4693 intellectis
821 4634 1009 4695 solent
1050 4654 1349 4713 perperam
1386 4634 1678 4713 colligere.
1766 4634 1885 4694 Sed
1921 4633 2354 4695 pontificiorum
2403 4634 2520 4693 alia
2566 4642 2656 4693 est
2697 4634 2886 4693 ratio:
