3234 5192
576 274 693 333 696
1126 284 1204 325 ne
1234 281 1708 325 sumne-riorus
1735 280 1972 323 cnntsrr
2001 278 2428 321 rssrscrroxn.
2533 258 2854 338 [DISPUT.
2893 280 3092 319 xxm.

668 426 753 487 X.
800 426 931 485 Nou
960 424 1203 485 solidius
1250 423 1399 483 illud
1442 423 1786 483 confirmant
1828 442 1904 481 ex
1953 422 2024 479 iis
2051 420 2198 480 locis
2226 420 2285 479 in
2315 418 2534 495 quibus
2565 418 3086 499 Redemptionis

587 508 833 585 alicujus
862 507 936 565 ab
964 504 1295 565 hominibus
1322 523 1426 581 per
1453 504 1607 562 bona
1635 522 1808 580 opera
1829 500 2172 580 peragendis
2191 499 2423 558 videtur
2451 498 2584 556 ficri
2613 500 2912 573 mantin,
2945 520 3084 577 quse

590 590 765 649 etiam
792 588 905 645 huc
938 594 1297 663 comportare
1326 584 1530 658 solent,
1554 591 1622 642 ut
1652 583 1826 641 Prov.
1855 582 1978 639 xvi.
2009 584 2065 656 6,
2087 580 2192 641 ubi
2221 580 2470 656 Sapiens
2497 578 2588 637 ait
2619 582 2664 611 ‘⁴
2693 580 3082 639 Misericor-

592 668 689 729 dia
717 676 776 727 et
800 666 1047 727 veritate
1075 665 1375 725 redimitur
1402 664 1695 741 iniquitas,
1727 663 1864 722 etin
1881 663 2086 721 timore
2116 660 2355 718 Domini
2381 658 2735 718 declinatur
2769 680 2818 717 a
2851 661 3078 717 malo?

596 748 697 807 Ad
723 766 854 825 quae
885 747 1177 821 Bellsrm„
1207 744 1309 803 lib.
1340 744 1418 803 iv.
1448 744 1523 803 de
1553 743 1763 803 Poenit.
1785 762 1909 819 cap.
1940 744 1996 819 3,
2030 744 2066 773 ‘⁸
2089 738 2266 813 Hic,''
2293 738 2502 815 inquit,
2539 740 2577 771 “
2597 739 2938 799 habemus
2969 760 3070 797 vo-

596 848 722 889 cem
754 826 1191 903 Redemptionis
1212 844 1342 900 quae
1364 824 1673 901 oequivalet
1694 822 1828 883 voci
1849 820 2258 882 satisfactionis
2279 842 2294 895 ;
2325 826 2482 877 certe
2499 819 2668 877 enim
2695 838 2842 877 non
2867 821 3070 878 minus

597 909 673 968 ad
696 906 984 985 justitiam
1012 905 1261 983 pertinet
1306 902 1652 981 Redemptio
1698 923 1872 980 quam
1921 900 2276 975 satisfactio;
2321 898 2400 957 Et
2428 898 2480 957 si
2507 898 2876 959 absurdum
2909 914 3068 959 esset

598 986 791 1047 dicere
818 984 1031 1045 nostris
1060 984 1329 1061 operibus
1359 983 1626 1043 satisfieri
1653 1003 1757 1060 pro
1785 982 2056 1060 peccatis,
2084 980 2268 1039 multo
2297 986 2452 1037 esset
2478 978 2832 1039 absurdius
2863 980 3064 1039 dicere

600 1068 815 1127 nostris
842 1065 1112 1143 operibus
1134 1063 1337 1123 redimi
1354 1072 1607 1141 peccata,
1629 1061 2112 1139 quemadmodum
2131 1060 2243 1137 ipsi
2261 1058 2394 1135 (nos
2421 1058 2746 1137 intelligit)
2785 1080 3062 1119 commo-

602 1149 733 1207 dius
751 1146 941 1205 ferunt
959 1146 1007 1203 si
1025 1144 1141 1203 dici
1162 1144 1425 1203 volemus
1446 1144 1644 1220 aliqua
1663 1163 1738 1201 ex
1759 1152 1922 1219 parte
1946 1141 2363 1217 Redemptores
2385 1158 2564 1215 quam
2587 1138 3030 1199 satisfactores
3047 1163 3060 1208 ;

604 1248 735 1288 cum
762 1227 943 1304 igitur
970 1225 1031 1283 in
1064 1225 1361 1303 Scriptura
1388 1243 1503 1282 non
1544 1243 1662 1283 uno
1691 1224 1751 1280 in
1779 1222 1908 1281 loco
1935 1220 2168 1280 disertis
2196 1219 2390 1278 verbis
2415 1218 2614 1277 tradat
2645 1221 2900 1279 nostris
2923 1242 3060 1298 ope·

602 1308 763 1367 ribus
790 1306 995 1366 redimi
1024 1314 1277 1383 peccata,
1302 1304 1559 1381 profecto
1580 1322 1697 1361 uon
1725 1303 1997 1361 abhorret
2023 1301 2095 1359 ab
2117 1320 2230 1359 usu
2261 1298 2575 1375 scripturae
2603 1299 2788 1375 quod
2819 1320 2948 1359 nos
2977 1301 3056 1359 di-

606 1389 791 1447 cimus
818 1386 1029 1445 nostris
1058 1386 1329 1463 operibus
1352 1383 1619 1443 satisfieri
1635 1403 1739 1459 pro
1759 1381 2072 1459 peccatis.”
2157 1380 2266 1439 Cui
2282 1380 2410 1437 loco
2429 1378 2688 1437 alterum
2719 1399 3058 1458 supparem

606 1467 830 1526 addunt
878 1486 953 1524 ex
1002 1466 1150 1525 Dan.
1198 1466 1277 1523 iv.
1324 1468 1423 1531 27,
1478 1463 1598 1523 Ubi
1649 1462 1861 1521 Daniel
1903 1480 2036 1519 cum
2085 1458 2608 1519 Nabucodonozori
2651 1461 3056 1536 exposuisset

607 1547 909 1620 visionem,
939 1564 1043 1622 per
1069 1564 1245 1622 quam
1272 1544 1525 1602 indicata
1548 1544 1734 1603 fuerat
1749 1562 1921 1620 poena
1941 1560 2113 1617 quum
2141 1540 2241 1599 ille
2271 1538 2346 1598 ob
2375 1538 2596 1597 scelera
2623 1556 2742 1597 sua
2773 1541 3052 1599 mercha·

607 1636 719 1699 tur,
745 1625 908 1683 addit
937 1625 1149 1699 statim,
1184 1625 1220 1658 ‘⁶
1244 1622 1647 1697 Quamobrem,
1682 1623 1831 1699 Rex,
1853 1620 2159 1680 consilium
2186 1638 2378 1679 meum
2405 1618 2632 1696 placeat
2653 1618 2796 1693 tibi,
2823 1632 2892 1679 et
2921 1641 3052 1698 pec·

610 1714 740 1763 cata
768 1713 869 1762 tua
896 1702 1279 1779 eleemosynis
1326 1702 1563 1777 redime,
1596 1712 1654 1761 et
1703 1701 2036 1778 iniquitates
2080 1709 2210 1759 tuas
2237 1697 2617 1757 miericordiis
2645 1706 3052 1777 pauperum.'’

613 1783 714 1841 Ad
741 1803 871 1861 quae
904 1781 1179 1857 Salmero,
1214 1784 1251 1814 “
1275 1782 1517 1841 Constat
1537 1781 1696 1857 quod
1715 1801 1818 1858 per
1840 1801 2014 1858 opera
2035 1780 2278 1857 gratiam
2297 1777 2692 1855 praecedentia
2709 1778 2910 1857 culpa
2939 1801 3052 1839 non

611 1871 802 1941 potest
830 1861 1051 1937 redimi,
1079 1862 1237 1939 Ergo
1267 1868 1529 1939 superest
1554 1869 1622 1920 ut
1650 1861 1721 1920 de
1747 1862 1932 1938 poenis
1959 1882 2089 1937 quae
2133 1859 2307 1919 etiam
2334 1858 2576 1917 remisso
2604 1857 2928 1919 debentur
2957 1860 3051 1919 de—

609 1944 749 2003 licto
778 1942 1187 2018 intelligatur.'’
1273 1941 1409 2001 Huc
1436 1942 1611 2001 etiam
1641 1941 1896 2001 referunt
1923 1941 2084 1999 varia
2115 1940 2532 2016 Prophetarum
2559 1938 2698 1996 loca
2726 1938 2794 1996 in
2829 1941 3052 2018 quibus

611 2024 916 2103 pollicetur
948 2024 1107 2083 Deus
1136 2042 1197 2081 se
1226 2042 1428 2101 poenss
1454 2022 1800 2100 temporales
1829 2020 2286 2080 condonaturum
2313 2018 2528 2095 populo
2555 2036 2686 2089 su0,
2719 2019 2772 2077 si
2807 2040 2898 2079 ex
2925 2022 3050 2078 sni·

614 2125 708 2164 mo
736 2126 799 2165 se
828 2112 1144 2178 convertat,
1176 2112 1234 2163 et
1261 2123 1437 2181 opera
1464 2101 1848 2163 satisfactoria
1873 2120 1978 2178 pro
1999 2100 2251 2178 peccatis
2278 2106 2530 2176 praestet,
2559 2107 2629 2157 ut
2655 2097 2782 2157 Isa.
2819 2100 2890 2175 i.,
2921 2100 2972 2159 J
2973 2121 3050 2159 er.

614 2186 800 2261 xviii„
834 2185 1045 2243 Ezech.
1078 2184 1262 2259 xviii„
1294 2193 1353 2242 et
1380 2184 1537 2259 alibi,
1569 2203 1700 2260 quae
1727 2182 1928 2258 utique
1958 2180 2074 2239 dici
2101 2200 2218 2238 non
2244 2185 2504 2257 possunt,
2535 2178 2650 2235 nisi
2679 2179 3050 2240 satisfactio·

612 2265 786 2323 nibus
814 2264 1026 2322 nostris
1055 2263 1289 2321 daretur
1312 2263 1495 2321 locus.

698 2343 819 2400 XI.
846 2343 1021 2419 Resp.
1050 2340 1166 2399 Sed
1194 2341 1318 2398 haec
1346 2342 1539 2398 omnia
1566 2360 1693 2399 esse
1721 2339 2079 2418 ἅπτεαι-διέσυρε
2105 2359 2222 2399 non
2251 2339 2491 2398 obscure
2521 2336 2844 2398 evincitur.
2893 2340 3048 2399 Nam

614 2429 681 2480 ut
710 2421 781 2479 de
810 2420 938 2477 loco
974 2419 1415 2477 proverbiorum
1445 2420 1707 2478 dicamus
1733 2423 1954 2497 primo:
1997 2440 2170 2496 quam
2216 2418 2362 2477 nihil
2391 2417 2564 2476 faciat
2591 2416 2668 2476 ad
2695 2437 2829 2477 rem
2881 2430 3048 2498 patet

619 2520 695 2559 ex
724 2498 935 2557 variis:
986 2502 1036 2557 1.
1069 2497 1217 2572 Quia
1244 2498 1459 2557 mentio
1508 2499 1742 2575 quidem
1773 2501 1838 2559 fit
1877 2500 2100 2577 peccati
2134 2518 2236 2558 seu
2263 2497 2585 2575 iniquitatis,
2617 2504 2679 2555 at
2707 2516 2835 2556 non
2857 2520 3050 2577 poenoe

618 2598 793 2657 quam
822 2578 1011 2636 solum
1030 2598 1132 2656 per
1149 2578 1571 2638 satisfactiones
1599 2580 1880 2639 humanas
1908 2580 2131 2659 expiari
2159 2578 2397 2655 volunt;
2442 2581 2498 2635 2.
2531 2576 2680 2651 Quia
2713 2582 3042 2639 misericor-

618 2660 718 2719 dia
746 2667 805 2718 et
830 2660 1037 2718 veritas
1065 2657 1137 2717 de
1166 2658 1377 2737 quibus
1420 2660 1615 2737 agitur
1661 2680 1776 2718 non
1813 2668 2058 2738 possunt
2093 2660 2170 2718 ad
2217 2678 2390 2737 opera
2415 2657 2670 2735 poenalia
2697 2665 2760 2716 et
2785 2660 3042 2720 molesta

618 2739 677 2799 in
706 2738 919 2818 quibus
946 2738 1154 2799 volunt
1172 2758 1299 2799 esse
1328 2739 1470 2798 sitas
1516 2740 1938 2799 satisfactiones
1967 2759 2102 2799 suas
2129 2738 2365 2815 referri3
2407 2756 2516 2795 nec
2542 2756 2805 2813 unquam
2843 2740 3038 2817 Scrip—

616 2828 749 2881 tura
777 2820 849 2879 de
872 2820 989 2879 illis
1010 2829 1075 2879 ut
1102 2818 1175 2879 de
1202 2820 1390 2898 poenis
1418 2820 1690 2896 loquitur,
1723 2820 1826 2879 sed
1853 2829 1919 2880 ut
1940 2819 2012 2877 de
2040 2819 2354 2878 virtutibus
2381 2837 2512 2895 quae
2538 2816 2601 2874 in
2631 2818 2724 2875 sui
2751 2820 3038 2879 exercitio

618 2920 893 2979 magnum
932 2901 1201 2959 fidelibus
1246 2900 1515 2959 solatium
1560 2909 1619 2959 et
1667 2900 1944 2977 gaudium
1991 2900 2180 2958 solent
2225 2898 2426 2957 afferre
2450 2919 2465 2973 ς
2511 2896 2672 2955 Hinc
2709 2897 3038 2959 ansenius

620 2980 847 3040 duabus
875 2980 1003 3039 istis
1031 2980 1345 3040 virtutibus
1372 2982 1809 3039 observationem
1857 2982 2254 3039 mandatorum
2301 2978 2616 3037 divinorum
2645 2977 2872 3035 includi
2899 3000 3036 3039 cen-

620 3070 725 3135 set,
759 3060 901 3134 Quis
950 3079 1088 3117 vero
1132 3059 1359 3119 audivit
1404 3080 1660 3138 unquam
1691 3060 2150 3119 observationem
2179 3057 2582 3117 mandatorum
2608 3054 2944 3117 divinorum
2975 3061 3035 3118 in

618 3140 807 3217 poenis
834 3138 1171 3197 numerari?
1238 3142 1293 3199 3.
1322 3140 1726 3199 Misericordia
1767 3149 1822 3197 et
1857 3141 2063 3199 veritas
2091 3138 2188 3196 vel
2215 3138 2288 3197 de
2315 3140 2442 3196 Deo
2470 3136 2568 3195 vel
2595 3136 2670 3195 de
2697 3138 2918 3197 homine
2946 3140 3034 3197 in·

619 3217 809 3293 telligi
852 3224 1076 3293 potest:
1120 3215 1171 3274 si
1213 3217 1286 3275 de
1336 3221 1479 3294 Deo,
1526 3220 1686 3297 quod
1729 3220 1993 3278 nonnulli
2026 3218 2248 3293 volunt,
2280 3226 2345 3277 ut
2370 3224 2603 3276 notetur
2639 3217 3032 3279 misericor-dih

623 3296 738 3355 Dei
772 3304 839 3354 ut
866 3295 1301 3355 clementissimi
1346 3298 1553 3375 Patris,
1584 3308 1645 3359 et
1671 3299 1903 3358 veritate
1929 3299 2007 3357 id.
2047 3297 2326 3357 fidelitate
2355 3298 2482 3375 ejus
2509 3296 2726 3356 remitti
2747 3296 3028 3375 iniquita-

620 3382 757 3451 tem,
788 3373 944 3435 cadit
986 3384 1391 3453 argumentum
1435 3378 1814 3452 Adversarii;
1861 3380 1910 3437 si
1952 3378 2024 3437 de
2053 3376 2286 3453 homine,
2317 3397 2432 3435 non
2481 3375 2686 3435 fortius
2714 3376 2839 3449 erit,
2889 3381 3028 3455 quis

622 3456 705 3515 sic
754 3454 1049 3515 notabitur
1090 3458 1329 3516 conditio
1357 3458 1451 3517 cui
1478 3458 1651 3518 datur
1676 3459 1938 3520 remissio
1975 3458 2214 3535 peccati,
2246 3476 2362 3516 non
2390 3477 2566 3517 causa
2593 3466 2824 3535 propter
2850 3476 3026 3535 quam

621 3536 807 3596 datur.
866 3535 1017 3595 Nam
1045 3544 1111 3597 ut
1141 3537 1427 3615 judicium
1458 3538 1582 3597 sine
1610 3537 2004 3597 misericordia
2038 3538 2102 3596 in
2129 3536 2612 3597 immisericordes
2639 3537 2894 3595 exerceri
2921 3538 3022 3597 de-

620 3616 737 3692 bet,
782 3616 867 3675 ita
908 3616 1308 3677 misericordes
1354 3618 1808 3677 misericordiam
1853 3626 2298 3696 consequuntur,
2345 3616 2556 3676 Matth.
2603 3636 2660 3675 v.
2701 3620 2735 3675 7
2762 3638 2777 3693 ;
2821 3624 2878 3675 et
2919 3620 3022 3695 qui

620 3697 751 3756 aliis
781 3716 917 3755 vere
947 3705 1005 3755 et
1032 3716 1109 3755 ex
1136 3696 1328 3755 animo
1355 3706 1593 3775 peccata
1620 3697 2090 3773 condonaverint,
2116 3698 2189 3757 iis
2217 3698 2390 3755 etiam
2421 3696 2596 3755 Pater
2623 3696 2872 3755 coelestis
2897 3716 3018 3755 cer-

619 3785 680 3837 to
708 3785 947 3854 peccata
988 3785 1079 3835 est
1106 3775 1571 3852 condonaturus;
1615 3798 1734 3837 non
1774 3777 1932 3855 quod
1967 3777 2360 3837 misericordia
2407 3796 2547 3853 erga
2575 3776 2722 3835 alios
2751 3776 2824 3835 sit
2849 3796 3020 3836 causa

620 3856 1027 3915 misericordiae
1051 3855 1165 3915 Dei
1186 3876 1327 3933 erga
1347 3875 1426 3929 se,
1452 3856 1555 3915 sed
1576 3857 1714 3933 quia
1735 3866 1825 3917 est
1851 3866 2076 3917 tantum
2107 3856 2360 3917 conditio
2388 3857 2654 3933 quaedam
2684 3857 3014 3917 necessaria.

622 3935 821 4014 Atque
851 3936 933 3995 its
974 3936 1207 4014 sapiens
1234 3935 1539 3995 retundere
1566 3937 1664 3997 hic
1691 3937 1821 3997 vult
1847 3938 2278 4014 hypocritarum
2310 3956 2520 3995 vanam
2548 3935 2884 4015 opinionem,
2913 3939 3014 4013 qui

620 4016 917 4075 sacrificiis
946 4014 1203 4076 externis
1248 4024 1307 4075 et
1352 4016 1683 4075 carnalibus
1733 4018 1988 4077 contenti
2014 4018 2076 4075 in
2103 4018 2178 4077 iis
2206 4016 2345 4077 solis
2373 4016 2596 4095 peccati
2625 4016 2716 4074 sui
2743 4014 3010 4093 expiatio·

618 4115 751 4154 nem
780 4095 1131 4173 quaerebant,
1164 4094 1236 4154 de
1264 4095 1427 4157 cultu
1466 4096 1698 4155 interno
1725 4106 1786 4155 et
1827 4097 2033 4155 morali
2076 4116 2438 4175 nequaquam
2467 4095 2720 4155 solliciti.
2797 4096 2874 4155 At
2917 4094 3010 4155 hic

620 4184 820 4235 contra
855 4176 948 4234 vir
977 4175 1089 4235 Dei
1138 4175 1309 4235 docet
1334 4196 1450 4235 non
1478 4184 1597 4234 tam
1627 4176 1688 4234 in
1717 4176 2014 4236 sacrificiis
2041 4196 2169 4237 esse
2199 4176 2584 4254 quaerendam,
2615 4195 2786 4253 quam
2813 4175 2868 4232 in
2891 4174 3004 4253 pie·
3165 4216 3167 4277 1

618 4253 757 4313 tatis
784 4264 843 4313 et
869 4256 1168 4317 charitatis
1196 4255 1467 4333 operibus
1494 4256 1707 4334 quibus
1750 4257 1912 4315 Deus
1940 4276 2066 4315 cam
2095 4256 2310 4335 passim
2339 4256 2681 4335 pollicetur3
2725 4274 2834 4313 non
2859 4254 3006 4331 quod

618 4330 736 4391 sint
790 4352 963 4393 causa
1008 4338 1183 4395 vem‘ae
1229 4355 1358 4413 quae
1406 4336 1613 4396 innuat
1661 4356 1838 4416 quare
1885 4337 1988 4396 illa
2035 4337 2220 4411 detur,
2273 4336 2376 4395 sed
2423 4336 2561 4413 quia
2604 4344 2741 4395 sunt
2777 4334 3004 4411 subjecti

616 4409 919 4485 dispositio
969 4414 1293 4475 necessaria
1340 4436 1470 4494 quae
1515 4416 1687 4479 docet
1734 4416 2004 4496 qualibus
2053 4416 2418 4493 concedatur,
2449 4436 2518 4475 ac
2561 4415 2610 4473 si
2638 4414 2846 4474 diceret
2869 4412 2998 4473 iram

619 4487 857 4547 Domini
884 4492 1153 4570 residere,
1184 4494 1286 4554 ubi
1308 4516 1343 4555 a
1370 4494 1609 4574 flagitiis
1638 4498 1852 4557 nostris
1877 4496 2248 4575 quiescimus.
2307 4497 2403 4556 Its
2428 4516 2546 4555 non
2573 4494 2892 4555 excluditur
2915 4494 3002 4552 λῦ-
