<?xml version="1.0" encoding="UTF-8"?>
<!DOCTYPE html PUBLIC "-//W3C//DTD XHTML 1.0 Transitional//EN"
    "http://www.w3.org/TR/xhtml1/DTD/xhtml1-transitional.dtd">
<html xmlns="http://www.w3.org/1999/xhtml" xml:lang="en" lang="en">
 <head>
  <title>
</title>
<meta http-equiv="Content-Type" content="text/html;charset=utf-8" />
  <meta name='ocr-system' content='tesseract 3.04.00' />
  <meta name='ocr-capabilities' content='ocr_page ocr_carea ocr_par ocr_line ocrx_word'/>
</head>
<body>
  <div class='ocr_page' id='page_1' title='image "./denecessariasec00turrgoog_0169.png"; bbox 0 0 3234 5192; ppageno 0'>
   <div class='ocr_carea' id='block_1_1' title="bbox 326 359 2744 442">
    <p class='ocr_par' dir='ltr' id='par_1_1' title="bbox 326 359 2744 442">
     <span class='ocr_line' id='line_1_1' title="bbox 326 359 2744 442; baseline 0.004 -23"><span class='ocrx_word' id='word_1_1' title='bbox 326 378 555 420; x_wconf 74' lang='lat' dir='ltr'><strong>nxsrur.</strong></span> <span class='ocrx_word' id='word_1_2' title='bbox 587 359 701 442; x_wconf 68' lang='lat' dir='ltr'><strong>vn]</strong></span> <span class='ocrx_word' id='word_1_3' title='bbox 1066 380 1297 422; x_wconf 67' lang='lat' dir='ltr'><strong>nosrnA</strong></span> <span class='ocrx_word' id='word_1_4' title='bbox 1327 382 1405 421; x_wconf 70' lang='grc' dir='ltr'><strong>ΑΒ</strong></span> <span class='ocrx_word' id='word_1_5' title='bbox 1435 382 1718 424; x_wconf 67' lang='lat' dir='ltr'><strong>scenssm</strong></span> <span class='ocrx_word' id='word_1_6' title='bbox 1749 382 2018 426; x_wconf 62' lang='lat' dir='ltr'><strong>nonai-ts.</strong></span> <span class='ocrx_word' id='word_1_7' title='bbox 2633 374 2744 432; x_wconf 86' lang='lat'><strong>137</strong></span> 
     </span>
    </p>
   </div>
   <div class='ocr_carea' id='block_1_2' title="bbox 283 521 2748 4772">
    <p class='ocr_par' dir='ltr' id='par_1_2' title="bbox 283 521 2748 4772">
     <span class='ocr_line' id='line_1_2' title="bbox 324 521 2748 605; baseline 0.004 -26"><span class='ocrx_word' id='word_1_8' title='bbox 324 521 511 598; x_wconf 82' lang='lat' dir='ltr'><strong>orefit</strong></span> <span class='ocrx_word' id='word_1_9' title='bbox 556 522 825 597; x_wconf 74' lang='lat' dir='ltr'><strong>confessio</strong></span> <span class='ocrx_word' id='word_1_10' title='bbox 872 524 957 581; x_wconf 83' lang='lat' dir='ltr'><strong>ad</strong></span> <span class='ocrx_word' id='word_1_11' title='bbox 997 524 1248 598; x_wconf 77' lang='lat' dir='ltr'><strong>salutem,</strong></span> <span class='ocrx_word' id='word_1_12' title='bbox 1284 522 1451 582; x_wconf 88' lang='lat' dir='ltr'><strong>Rom.</strong></span> <span class='ocrx_word' id='word_1_13' title='bbox 1484 545 1542 584; x_wconf 88' lang='lat' dir='ltr'><strong>x.</strong></span> <span class='ocrx_word' id='word_1_14' title='bbox 1578 526 1670 583; x_wconf 91' lang='lat'><strong>10.</strong></span> <span class='ocrx_word' id='word_1_15' title='bbox 1757 525 1836 584; x_wconf 90' lang='lat' dir='ltr'><strong>Et</strong></span> <span class='ocrx_word' id='word_1_16' title='bbox 1881 533 1948 584; x_wconf 88' lang='lat' dir='ltr'><strong>ut</strong></span> <span class='ocrx_word' id='word_1_17' title='bbox 1997 524 2260 585; x_wconf 88' lang='lat' dir='ltr'><strong>Christus</strong></span> <span class='ocrx_word' id='word_1_18' title='bbox 2308 528 2580 605; x_wconf 77' lang='lat' dir='ltr'><strong>corporis,</strong></span> <span class='ocrx_word' id='word_1_19' title='bbox 2631 550 2748 588; x_wconf 90' lang='lat' dir='ltr'><strong>non</strong></span> 
     </span>
     <span class='ocr_line' id='line_1_3' title="bbox 322 601 2745 686; baseline 0.004 -28"><span class='ocrx_word' id='word_1_20' title='bbox 322 601 514 659; x_wconf 88' lang='lat' dir='ltr'><strong>minus</strong></span> <span class='ocrx_word' id='word_1_21' title='bbox 526 622 593 659; x_wconf 90' lang='lat' dir='ltr'><strong>ae</strong></span> <span class='ocrx_word' id='word_1_22' title='bbox 605 602 799 677; x_wconf 87' lang='lat' dir='ltr'><strong>animi,</strong></span> <span class='ocrx_word' id='word_1_23' title='bbox 834 602 1191 679; x_wconf 80' lang='lat' dir='ltr'>Redemptor</span> <span class='ocrx_word' id='word_1_24' title='bbox 1217 612 1322 679; x_wconf 83' lang='lat' dir='ltr'><strong>est,</strong></span> <span class='ocrx_word' id='word_1_25' title='bbox 1356 604 1439 663; x_wconf 89' lang='lat' dir='ltr'><strong>sic</strong></span> <span class='ocrx_word' id='word_1_26' title='bbox 1465 604 1526 662; x_wconf 91' lang='lat' dir='ltr'><strong>in</strong></span> <span class='ocrx_word' id='word_1_27' title='bbox 1544 614 1788 682; x_wconf 91' lang='lat' dir='ltr'><strong>utroque</strong></span> <span class='ocrx_word' id='word_1_28' title='bbox 1807 603 1936 663; x_wconf 86' lang='lat' dir='ltr'><strong>vult</strong></span> <span class='ocrx_word' id='word_1_29' title='bbox 1963 606 2290 682; x_wconf 87' lang='lat' dir='ltr'><strong>glorificari,</strong></span> <span class='ocrx_word' id='word_1_30' title='bbox 2327 611 2356 665; x_wconf 91' lang='lat'>1</span> <span class='ocrx_word' id='word_1_31' title='bbox 2383 607 2513 667; x_wconf 87' lang='lat' dir='ltr'><strong>Cor.</strong></span> <span class='ocrx_word' id='word_1_32' title='bbox 2543 610 2624 668; x_wconf 81' lang='lat' dir='ltr'><strong>vi.</strong></span> <span class='ocrx_word' id='word_1_33' title='bbox 2649 615 2745 686; x_wconf 83' lang='lat'><strong>20,</strong></span> 
     </span>
     <span class='ocr_line' id='line_1_4' title="bbox 322 681 2748 765; baseline 0.004 -27"><span class='ocrx_word' id='word_1_34' title='bbox 322 700 440 739; x_wconf 90' lang='lat' dir='ltr'><strong>non</strong></span> <span class='ocrx_word' id='word_1_35' title='bbox 468 681 639 740; x_wconf 90' lang='lat' dir='ltr'><strong>modo</strong></span> <span class='ocrx_word' id='word_1_36' title='bbox 670 702 771 758; x_wconf 87' lang='lat' dir='ltr'><strong>per</strong></span> <span class='ocrx_word' id='word_1_37' title='bbox 798 684 1079 741; x_wconf 86' lang='lat' dir='ltr'><strong>internam</strong></span> <span class='ocrx_word' id='word_1_38' title='bbox 1111 683 1373 743; x_wconf 87' lang='lat' dir='ltr'><strong>veritatis</strong></span> <span class='ocrx_word' id='word_1_39' title='bbox 1401 684 1792 761; x_wconf 88' lang='lat' dir='ltr'><strong>cognitionem</strong></span> <span class='ocrx_word' id='word_1_40' title='bbox 1821 694 1880 743; x_wconf 90' lang='lat' dir='ltr'><strong>et</strong></span> <span class='ocrx_word' id='word_1_41' title='bbox 1895 704 2166 760; x_wconf 90' lang='lat' dir='ltr'><strong>amorem,</strong></span> <span class='ocrx_word' id='word_1_42' title='bbox 2213 686 2318 745; x_wconf 90' lang='lat' dir='ltr'><strong>sed</strong></span> <span class='ocrx_word' id='word_1_43' title='bbox 2345 697 2406 746; x_wconf 89' lang='lat' dir='ltr'><strong>et</strong></span> <span class='ocrx_word' id='word_1_44' title='bbox 2425 707 2528 765; x_wconf 91' lang='lat' dir='ltr'><strong>per</strong></span> <span class='ocrx_word' id='word_1_45' title='bbox 2555 700 2748 750; x_wconf 87' lang='lat' dir='ltr'><strong>exter-</strong></span> 
     </span>
     <span class='ocr_line' id='line_1_5' title="bbox 320 762 2746 841; baseline 0.005 -23"><span class='ocrx_word' id='word_1_46' title='bbox 320 780 456 819; x_wconf 88' lang='lat' dir='ltr'><strong>nam</strong></span> <span class='ocrx_word' id='word_1_47' title='bbox 478 770 535 821; x_wconf 90' lang='lat' dir='ltr'><strong>et</strong></span> <span class='ocrx_word' id='word_1_48' title='bbox 562 771 819 840; x_wconf 86' lang='lat' dir='ltr'><strong>apertam</strong></span> <span class='ocrx_word' id='word_1_49' title='bbox 848 763 974 840; x_wconf 87' lang='lat' dir='ltr'><strong>ejus</strong></span> <span class='ocrx_word' id='word_1_50' title='bbox 1000 762 1448 841; x_wconf 82' lang='lat' dir='ltr'><strong>professionem3</strong></span> <span class='ocrx_word' id='word_1_51' title='bbox 1478 785 1551 824; x_wconf 90' lang='lat' dir='ltr'><strong>ne</strong></span> <span class='ocrx_word' id='word_1_52' title='bbox 1580 764 1760 823; x_wconf 89' lang='lat' dir='ltr'><strong>ullam</strong></span> <span class='ocrx_word' id='word_1_53' title='bbox 1777 765 2024 841; x_wconf 88' lang='lat' dir='ltr'><strong>amplius</strong></span> <span class='ocrx_word' id='word_1_54' title='bbox 2045 786 2178 825; x_wconf 89' lang='lat' dir='ltr'><strong>cum</strong></span> <span class='ocrx_word' id='word_1_55' title='bbox 2204 776 2358 826; x_wconf 88' lang='lat' dir='ltr'><strong>coetu</strong></span> <span class='ocrx_word' id='word_1_56' title='bbox 2385 768 2746 830; x_wconf 88' lang='lat' dir='ltr'><strong>idololatrico</strong></span> 
     </span>
     <span class='ocr_line' id='line_1_6' title="bbox 324 842 2746 926; baseline 0.005 -27"><span class='ocrx_word' id='word_1_57' title='bbox 324 843 786 901; x_wconf 81' lang='lat' dir='ltr'><strong>communionem</strong></span> <span class='ocrx_word' id='word_1_58' title='bbox 812 842 1146 918; x_wconf 89' lang='lat' dir='ltr'><strong>habeamus,</strong></span> <span class='ocrx_word' id='word_1_59' title='bbox 1178 855 1243 905; x_wconf 87' lang='lat' dir='ltr'><strong>ut</strong></span> <span class='ocrx_word' id='word_1_60' title='bbox 1271 844 1451 903; x_wconf 85' lang='lat' dir='ltr'><strong>sacris</strong></span> <span class='ocrx_word' id='word_1_61' title='bbox 1477 845 1662 923; x_wconf 89' lang='lat' dir='ltr'><strong>ipsius</strong></span> <span class='ocrx_word' id='word_1_62' title='bbox 1689 844 2038 915; x_wconf 85' lang='lat' dir='ltr'><strong>intersimus,</strong></span> <span class='ocrx_word' id='word_1_63' title='bbox 2080 856 2140 905; x_wconf 91' lang='lat' dir='ltr'><strong>et</strong></span> <span class='ocrx_word' id='word_1_64' title='bbox 2183 866 2405 907; x_wconf 86' lang='lat' dir='ltr'><strong>errores</strong></span> <span class='ocrx_word' id='word_1_65' title='bbox 2433 850 2746 926; x_wconf 87' lang='lat' dir='ltr'><strong>amplecta-</strong></span> 
     </span>
     <span class='ocr_line' id='line_1_7' title="bbox 324 922 2742 1005; baseline 0.005 -27"><span class='ocrx_word' id='word_1_66' title='bbox 324 940 469 997; x_wconf 87' lang='lat' dir='ltr'><strong>mur,</strong></span> <span class='ocrx_word' id='word_1_67' title='bbox 520 922 679 999; x_wconf 91' lang='lat' dir='ltr'><strong>quod</strong></span> <span class='ocrx_word' id='word_1_68' title='bbox 724 932 876 982; x_wconf 88' lang='lat' dir='ltr'><strong>esset</strong></span> <span class='ocrx_word' id='word_1_69' title='bbox 918 924 1305 983; x_wconf 78' lang='lat' dir='ltr'><strong>characterem</strong></span> <span class='ocrx_word' id='word_1_70' title='bbox 1336 924 1551 984; x_wconf 75' lang='lat' dir='ltr'><strong>Bestiae</strong></span> <span class='ocrx_word' id='word_1_71' title='bbox 1580 944 1823 1000; x_wconf 88' lang='lat' dir='ltr'><strong>sumere,</strong></span> <span class='ocrx_word' id='word_1_72' title='bbox 1855 933 1914 983; x_wconf 92' lang='lat' dir='ltr'><strong>et</strong></span> <span class='ocrx_word' id='word_1_73' title='bbox 1942 945 2068 983; x_wconf 88' lang='lat' dir='ltr'><strong>eam</strong></span> <span class='ocrx_word' id='word_1_74' title='bbox 2111 926 2367 1003; x_wconf 87' lang='lat' dir='ltr'><strong>adorare,</strong></span> <span class='ocrx_word' id='word_1_75' title='bbox 2401 928 2587 1005; x_wconf 89' lang='lat' dir='ltr'><strong>Apoc.</strong></span> <span class='ocrx_word' id='word_1_76' title='bbox 2618 931 2742 991; x_wconf 80' lang='lat' dir='ltr'><strong>xiv.</strong></span> 
     </span>
     <span class='ocr_line' id='line_1_8' title="bbox 322 1002 2748 1086; baseline 0.004 -26"><span class='ocrx_word' id='word_1_77' title='bbox 322 1003 381 1059; x_wconf 89' lang='grc'><strong>9.</strong></span> <span class='ocrx_word' id='word_1_78' title='bbox 465 1002 587 1061; x_wconf 87' lang='lat' dir='ltr'><strong>Nec</strong></span> <span class='ocrx_word' id='word_1_79' title='bbox 615 1003 731 1061; x_wconf 86' lang='lat' dir='ltr'><strong>alia</strong></span> <span class='ocrx_word' id='word_1_80' title='bbox 758 1002 830 1061; x_wconf 90' lang='lat' dir='ltr'><strong>de</strong></span> <span class='ocrx_word' id='word_1_81' title='bbox 860 1022 1035 1062; x_wconf 87' lang='lat' dir='ltr'><strong>causa</strong></span> <span class='ocrx_word' id='word_1_82' title='bbox 1056 1004 1181 1063; x_wconf 86' lang='lat' dir='ltr'><strong>veri</strong></span> <span class='ocrx_word' id='word_1_83' title='bbox 1206 1004 1408 1063; x_wconf 86' lang='lat' dir='ltr'><strong>fideles</strong></span> <span class='ocrx_word' id='word_1_84' title='bbox 1436 1013 1835 1083; x_wconf 86' lang='lat' dir='ltr'><strong>proponuntur</strong></span> <span class='ocrx_word' id='word_1_85' title='bbox 1871 1006 2044 1064; x_wconf 89' lang='lat' dir='ltr'><strong>toties</strong></span> <span class='ocrx_word' id='word_1_86' title='bbox 2071 1006 2132 1063; x_wconf 90' lang='lat' dir='ltr'><strong>in</strong></span> <span class='ocrx_word' id='word_1_87' title='bbox 2161 1008 2272 1065; x_wconf 91' lang='lat' dir='ltr'><strong>hoc</strong></span> <span class='ocrx_word' id='word_1_88' title='bbox 2298 1007 2448 1067; x_wconf 89' lang='lat' dir='ltr'><strong>libro</strong></span> <span class='ocrx_word' id='word_1_89' title='bbox 2471 1011 2748 1086; x_wconf 70' lang='lat' dir='ltr'><strong>obsiqnati</strong></span> 
     </span>
     <span class='ocr_line' id='line_1_9' title="bbox 321 1082 2742 1167; baseline 0.004 -28"><span class='ocrx_word' id='word_1_90' title='bbox 321 1082 381 1139; x_wconf 80' lang='lat' dir='ltr'><strong>in</strong></span> <span class='ocrx_word' id='word_1_91' title='bbox 392 1084 695 1159; x_wconf 75' lang='lat' dir='ltr'><strong>frontibus,</strong></span> <span class='ocrx_word' id='word_1_92' title='bbox 718 1084 904 1160; x_wconf 89' lang='lat' dir='ltr'><strong>Apoc.</strong></span> <span class='ocrx_word' id='word_1_93' title='bbox 933 1083 1034 1142; x_wconf 81' lang='lat' dir='ltr'><strong>vii.</strong></span> <span class='ocrx_word' id='word_1_94' title='bbox 1066 1086 1121 1159; x_wconf 88' lang='lat'><strong>3,</strong></span> <span class='ocrx_word' id='word_1_95' title='bbox 1152 1103 1327 1161; x_wconf 91' lang='lat' dir='ltr'><strong>quam</strong></span> <span class='ocrx_word' id='word_1_96' title='bbox 1353 1094 1419 1144; x_wconf 92' lang='lat' dir='ltr'><strong>ut</strong></span> <span class='ocrx_word' id='word_1_97' title='bbox 1446 1085 1760 1144; x_wconf 80' lang='lat' dir='ltr'><strong>necessitas</strong></span> <span class='ocrx_word' id='word_1_98' title='bbox 1781 1084 2153 1163; x_wconf 76' lang='lat' dir='ltr'><strong>professionis</strong></span> <span class='ocrx_word' id='word_1_99' title='bbox 2171 1096 2425 1147; x_wconf 81' lang='lat' dir='ltr'><strong>externae</strong></span> <span class='ocrx_word' id='word_1_100' title='bbox 2452 1088 2742 1167; x_wconf 86' lang='lat' dir='ltr'><strong>innuatur,</strong></span> 
     </span>
     <span class='ocr_line' id='line_1_10' title="bbox 322 1163 2744 1245; baseline 0.005 -27"><span class='ocrx_word' id='word_1_101' title='bbox 322 1180 439 1219; x_wconf 90' lang='lat' dir='ltr'><strong>non</strong></span> <span class='ocrx_word' id='word_1_102' title='bbox 468 1164 659 1221; x_wconf 90' lang='lat' dir='ltr'><strong>minus</strong></span> <span class='ocrx_word' id='word_1_103' title='bbox 687 1183 753 1222; x_wconf 85' lang='lat' dir='ltr'><strong>ac</strong></span> <span class='ocrx_word' id='word_1_104' title='bbox 780 1164 918 1222; x_wconf 88' lang='lat' dir='ltr'><strong>fidei</strong></span> <span class='ocrx_word' id='word_1_105' title='bbox 945 1163 1219 1239; x_wconf 81' lang='lat' dir='ltr'><strong>internae;</strong></span> <span class='ocrx_word' id='word_1_106' title='bbox 1263 1165 1401 1242; x_wconf 88' lang='lat' dir='ltr'><strong>quia</strong></span> <span class='ocrx_word' id='word_1_107' title='bbox 1429 1164 1692 1224; x_wconf 87' lang='lat' dir='ltr'><strong>Christus</strong></span> <span class='ocrx_word' id='word_1_108' title='bbox 1741 1165 1992 1242; x_wconf 87' lang='lat' dir='ltr'><strong>damnat,</strong></span> <span class='ocrx_word' id='word_1_109' title='bbox 2024 1185 2140 1224; x_wconf 88' lang='lat' dir='ltr'><strong>non</strong></span> <span class='ocrx_word' id='word_1_110' title='bbox 2169 1167 2340 1225; x_wconf 90' lang='lat' dir='ltr'><strong>modo</strong></span> <span class='ocrx_word' id='word_1_111' title='bbox 2369 1188 2470 1227; x_wconf 89' lang='lat' dir='ltr'><strong>eos</strong></span> <span class='ocrx_word' id='word_1_112' title='bbox 2498 1171 2597 1245; x_wconf 88' lang='lat' dir='ltr'><strong>qui</strong></span> <span class='ocrx_word' id='word_1_113' title='bbox 2627 1191 2744 1229; x_wconf 91' lang='lat' dir='ltr'><strong>non</strong></span> 
     </span>
     <span class='ocr_line' id='line_1_11' title="bbox 322 1242 2742 1323; baseline 0.004 -24"><span class='ocrx_word' id='word_1_114' title='bbox 322 1242 675 1301; x_wconf 85' lang='lat' dir='ltr'><strong>crediderint</strong></span> <span class='ocrx_word' id='word_1_115' title='bbox 700 1244 887 1319; x_wconf 90' lang='lat' dir='ltr'><strong>corde,</strong></span> <span class='ocrx_word' id='word_1_116' title='bbox 920 1243 1024 1301; x_wconf 90' lang='lat' dir='ltr'><strong>sed</strong></span> <span class='ocrx_word' id='word_1_117' title='bbox 1044 1244 1219 1303; x_wconf 87' lang='lat' dir='ltr'><strong>etiam</strong></span> <span class='ocrx_word' id='word_1_118' title='bbox 1240 1246 1341 1321; x_wconf 91' lang='lat' dir='ltr'><strong>qui</strong></span> <span class='ocrx_word' id='word_1_119' title='bbox 1363 1264 1460 1303; x_wconf 87' lang='lat' dir='ltr'><strong>ore</strong></span> <span class='ocrx_word' id='word_1_120' title='bbox 1488 1244 1846 1323; x_wconf 86' lang='lat' dir='ltr'><strong>abnegarint,</strong></span> <span class='ocrx_word' id='word_1_121' title='bbox 1869 1245 2010 1304; x_wconf 90' lang='lat' dir='ltr'><strong>Luc.</strong></span> <span class='ocrx_word' id='word_1_122' title='bbox 2039 1246 2142 1304; x_wconf 83' lang='lat' dir='ltr'><strong>xii.</strong></span> <span class='ocrx_word' id='word_1_123' title='bbox 2173 1248 2229 1305; x_wconf 89' lang='grc'><strong>9.</strong></span> <span class='ocrx_word' id='word_1_124' title='bbox 2295 1247 2464 1322; x_wconf 89' lang='lat' dir='ltr'><strong>Quod</strong></span> <span class='ocrx_word' id='word_1_125' title='bbox 2489 1250 2742 1309; x_wconf 88' lang='lat' dir='ltr'><strong>Pseudo-</strong></span> 
     </span>
     <span class='ocr_line' id='line_1_12' title="bbox 324 1322 2741 1403; baseline 0.004 -24"><span class='ocrx_word' id='word_1_126' title='bbox 324 1322 815 1381; x_wconf 84' lang='lat' dir='ltr'><strong>Nicodemitarum</strong></span> <span class='ocrx_word' id='word_1_127' title='bbox 846 1344 1059 1382; x_wconf 85' lang='lat' dir='ltr'><strong>vanum</strong></span> <span class='ocrx_word' id='word_1_128' title='bbox 1110 1334 1497 1383; x_wconf 85' lang='lat' dir='ltr'><strong>commentum</strong></span> <span class='ocrx_word' id='word_1_129' title='bbox 1545 1325 1798 1403; x_wconf 87' lang='lat' dir='ltr'><strong>jugulat,</strong></span> <span class='ocrx_word' id='word_1_130' title='bbox 1851 1326 1952 1402; x_wconf 85' lang='lat' dir='ltr'><strong>qui</strong></span> <span class='ocrx_word' id='word_1_131' title='bbox 2001 1326 2384 1385; x_wconf 88' lang='lat' dir='ltr'><strong>secessionem</strong></span> <span class='ocrx_word' id='word_1_132' title='bbox 2432 1332 2741 1390; x_wconf 86' lang='lat' dir='ltr'><strong>mentalem</strong></span> 
     </span>
     <span class='ocr_line' id='line_1_13' title="bbox 317 1400 2742 1487; baseline 0.005 -29"><span class='ocrx_word' id='word_1_133' title='bbox 317 1400 561 1478; x_wconf 85' lang='lat' dir='ltr'><strong>jactant,</strong></span> <span class='ocrx_word' id='word_1_134' title='bbox 613 1402 751 1461; x_wconf 89' lang='lat' dir='ltr'><strong>dum</strong></span> <span class='ocrx_word' id='word_1_135' title='bbox 798 1412 1094 1463; x_wconf 82' lang='lat' dir='ltr'><strong>externam</strong></span> <span class='ocrx_word' id='word_1_136' title='bbox 1142 1404 1389 1482; x_wconf 86' lang='lat' dir='ltr'><strong>fugiunt,</strong></span> <span class='ocrx_word' id='word_1_137' title='bbox 1440 1424 1617 1482; x_wconf 88' lang='lat' dir='ltr'><strong>seque</strong></span> <span class='ocrx_word' id='word_1_138' title='bbox 1666 1404 2014 1465; x_wconf 78' lang='lat' dir='ltr'><strong>satisfecisse</strong></span> <span class='ocrx_word' id='word_1_139' title='bbox 2061 1415 2266 1484; x_wconf 86' lang='lat' dir='ltr'><strong>putant</strong></span> <span class='ocrx_word' id='word_1_140' title='bbox 2293 1408 2565 1467; x_wconf 90' lang='lat' dir='ltr'><strong>mandato</strong></span> <span class='ocrx_word' id='word_1_141' title='bbox 2613 1412 2742 1487; x_wconf 90' lang='lat' dir='ltr'><strong>Dei,</strong></span> 
     </span>
     <span class='ocr_line' id='line_1_14' title="bbox 324 1484 2744 1566; baseline 0.004 -27"><span class='ocrx_word' id='word_1_142' title='bbox 324 1501 503 1558; x_wconf 89' lang='lat' dir='ltr'><strong>quum</strong></span> <span class='ocrx_word' id='word_1_143' title='bbox 532 1502 753 1541; x_wconf 90' lang='lat' dir='ltr'><strong>errores</strong></span> <span class='ocrx_word' id='word_1_144' title='bbox 800 1494 859 1543; x_wconf 92' lang='lat' dir='ltr'><strong>et</strong></span> <span class='ocrx_word' id='word_1_145' title='bbox 906 1484 1121 1544; x_wconf 84' lang='lat' dir='ltr'><strong>abusus</strong></span> <span class='ocrx_word' id='word_1_146' title='bbox 1171 1485 1417 1563; x_wconf 85' lang='lat' dir='ltr'><strong>Papales</strong></span> <span class='ocrx_word' id='word_1_147' title='bbox 1444 1485 1615 1544; x_wconf 90' lang='lat' dir='ltr'><strong>corde</strong></span> <span class='ocrx_word' id='word_1_148' title='bbox 1645 1485 1900 1544; x_wconf 82' lang='lat' dir='ltr'><strong>aversari</strong></span> <span class='ocrx_word' id='word_1_149' title='bbox 1921 1505 1984 1544; x_wconf 92' lang='lat' dir='ltr'><strong>se</strong></span> <span class='ocrx_word' id='word_1_150' title='bbox 2003 1486 2248 1563; x_wconf 87' lang='lat' dir='ltr'><strong>fingunt,</strong></span> <span class='ocrx_word' id='word_1_151' title='bbox 2270 1487 2408 1547; x_wconf 90' lang='lat' dir='ltr'><strong>dum</strong></span> <span class='ocrx_word' id='word_1_152' title='bbox 2439 1488 2744 1566; x_wconf 85' lang='lat' dir='ltr'><strong>Babylone</strong></span> 
     </span>
     <span class='ocr_line' id='line_1_15' title="bbox 323 1564 2744 1644; baseline 0.005 -25"><span class='ocrx_word' id='word_1_153' title='bbox 323 1580 551 1639; x_wconf 82' lang='lat' dir='ltr'><strong>semper</strong></span> <span class='ocrx_word' id='word_1_154' title='bbox 576 1571 825 1639; x_wconf 87' lang='lat' dir='ltr'><strong>manent,</strong></span> <span class='ocrx_word' id='word_1_155' title='bbox 857 1572 916 1623; x_wconf 89' lang='lat' dir='ltr'><strong>et</strong></span> <span class='ocrx_word' id='word_1_156' title='bbox 944 1584 1152 1642; x_wconf 84' lang='lat' dir='ltr'><strong>corpus</strong></span> <span class='ocrx_word' id='word_1_157' title='bbox 1178 1564 1541 1625; x_wconf 89' lang='lat' dir='ltr'><strong>idololatrico</strong></span> <span class='ocrx_word' id='word_1_158' title='bbox 1569 1566 1730 1625; x_wconf 87' lang='lat' dir='ltr'><strong>cultu</strong></span> <span class='ocrx_word' id='word_1_159' title='bbox 1749 1566 2034 1643; x_wconf 83' lang='lat' dir='ltr'><strong>polluunt,</strong></span> <span class='ocrx_word' id='word_1_160' title='bbox 2054 1567 2221 1644; x_wconf 88' lang='lat' dir='ltr'><strong>quasi</strong></span> <span class='ocrx_word' id='word_1_161' title='bbox 2250 1567 2412 1627; x_wconf 89' lang='lat' dir='ltr'><strong>Deus</strong></span> <span class='ocrx_word' id='word_1_162' title='bbox 2433 1569 2615 1628; x_wconf 84' lang='lat' dir='ltr'><strong>altera</strong></span> <span class='ocrx_word' id='word_1_163' title='bbox 2643 1572 2744 1630; x_wconf 88' lang='lat' dir='ltr'><strong>ho-</strong></span> 
     </span>
     <span class='ocr_line' id='line_1_16' title="bbox 321 1642 2746 1724; baseline 0.005 -25"><span class='ocrx_word' id='word_1_164' title='bbox 321 1642 495 1701; x_wconf 87' lang='lat' dir='ltr'><strong>minis</strong></span> <span class='ocrx_word' id='word_1_165' title='bbox 520 1650 683 1721; x_wconf 88' lang='lat' dir='ltr'><strong>parte</strong></span> <span class='ocrx_word' id='word_1_166' title='bbox 712 1652 1017 1703; x_wconf 87' lang='lat' dir='ltr'><strong>contentus</strong></span> <span class='ocrx_word' id='word_1_167' title='bbox 1044 1653 1213 1722; x_wconf 87' lang='lat' dir='ltr'><strong>esset,</strong></span> <span class='ocrx_word' id='word_1_168' title='bbox 1242 1665 1352 1705; x_wconf 89' lang='lat' dir='ltr'><strong>nec</strong></span> <span class='ocrx_word' id='word_1_169' title='bbox 1378 1646 1599 1705; x_wconf 86' lang='lat' dir='ltr'><strong>cultum</strong></span> <span class='ocrx_word' id='word_1_170' title='bbox 1649 1654 1950 1705; x_wconf 87' lang='lat' dir='ltr'><strong>externum</strong></span> <span class='ocrx_word' id='word_1_171' title='bbox 1999 1647 2270 1724; x_wconf 86' lang='lat' dir='ltr'><strong>corporis,</strong></span> <span class='ocrx_word' id='word_1_172' title='bbox 2315 1667 2432 1707; x_wconf 89' lang='lat' dir='ltr'><strong>non</strong></span> <span class='ocrx_word' id='word_1_173' title='bbox 2459 1649 2650 1709; x_wconf 87' lang='lat' dir='ltr'><strong>minus</strong></span> <span class='ocrx_word' id='word_1_174' title='bbox 2677 1672 2746 1710; x_wconf 85' lang='lat' dir='ltr'><strong>ac</strong></span> 
     </span>
     <span class='ocr_line' id='line_1_17' title="bbox 320 1723 2741 1801; baseline 0.005 -22"><span class='ocrx_word' id='word_1_175' title='bbox 320 1723 609 1781; x_wconf 87' lang='lat' dir='ltr'><strong>internum</strong></span> <span class='ocrx_word' id='word_1_176' title='bbox 638 1724 815 1782; x_wconf 88' lang='lat' dir='ltr'><strong>animi</strong></span> <span class='ocrx_word' id='word_1_177' title='bbox 844 1726 1175 1801; x_wconf 88' lang='lat' dir='ltr'><strong>requireret.</strong></span> <span class='ocrx_word' id='word_1_178' title='bbox 1263 1727 1349 1785; x_wconf 91' lang='lat' dir='ltr'><strong>At</strong></span> <span class='ocrx_word' id='word_1_179' title='bbox 1395 1725 1743 1785; x_wconf 84' lang='lat' dir='ltr'><strong>divisionem</strong></span> <span class='ocrx_word' id='word_1_180' title='bbox 1790 1726 1960 1786; x_wconf 86' lang='lat' dir='ltr'><strong>istam</strong></span> <span class='ocrx_word' id='word_1_181' title='bbox 2010 1727 2245 1787; x_wconf 87' lang='lat' dir='ltr'><strong>minime</strong></span> <span class='ocrx_word' id='word_1_182' title='bbox 2291 1727 2584 1788; x_wconf 89' lang='lat' dir='ltr'><strong>ferendam</strong></span> <span class='ocrx_word' id='word_1_183' title='bbox 2615 1751 2741 1791; x_wconf 86' lang='lat' dir='ltr'><strong>esse</strong></span> 
     </span>
     <span class='ocr_line' id='line_1_18' title="bbox 322 1804 2744 1887; baseline 0.005 -28"><span class='ocrx_word' id='word_1_184' title='bbox 322 1822 439 1861; x_wconf 89' lang='lat' dir='ltr'><strong>non</strong></span> <span class='ocrx_word' id='word_1_185' title='bbox 468 1804 648 1863; x_wconf 89' lang='lat' dir='ltr'><strong>semel</strong></span> <span class='ocrx_word' id='word_1_186' title='bbox 676 1813 1044 1882; x_wconf 84' lang='lat' dir='ltr'><strong>protestatur.</strong></span> <span class='ocrx_word' id='word_1_187' title='bbox 1126 1806 1179 1863; x_wconf 86' lang='lat' dir='ltr'>N</span> <span class='ocrx_word' id='word_1_188' title='bbox 1184 1826 1249 1863; x_wconf 90' lang='lat' dir='ltr'><strong>ec</strong></span> <span class='ocrx_word' id='word_1_189' title='bbox 1298 1816 1489 1883; x_wconf 89' lang='lat' dir='ltr'><strong>potest</strong></span> <span class='ocrx_word' id='word_1_190' title='bbox 1531 1806 1671 1884; x_wconf 86' lang='lat' dir='ltr'><strong>pati,</strong></span> <span class='ocrx_word' id='word_1_191' title='bbox 1722 1815 1788 1866; x_wconf 88' lang='lat' dir='ltr'><strong>ut</strong></span> <span class='ocrx_word' id='word_1_192' title='bbox 1835 1826 2060 1884; x_wconf 88' lang='lat' dir='ltr'><strong>corpus,</strong></span> <span class='ocrx_word' id='word_1_193' title='bbox 2109 1809 2266 1885; x_wconf 91' lang='lat' dir='ltr'><strong>quod</strong></span> <span class='ocrx_word' id='word_1_194' title='bbox 2312 1808 2387 1867; x_wconf 87' lang='lat' dir='ltr'><strong>ad</strong></span> <span class='ocrx_word' id='word_1_195' title='bbox 2431 1809 2744 1887; x_wconf 87' lang='lat' dir='ltr'><strong>imaginem</strong></span> 
     </span>
     <span class='ocr_line' id='line_1_19' title="bbox 324 1884 2739 1968; baseline 0.004 -27"><span class='ocrx_word' id='word_1_196' title='bbox 324 1902 485 1943; x_wconf 90' lang='lat' dir='ltr'><strong>suam</strong></span> <span class='ocrx_word' id='word_1_197' title='bbox 515 1884 791 1958; x_wconf 86' lang='lat' dir='ltr'><strong>condidit,</strong></span> <span class='ocrx_word' id='word_1_198' title='bbox 824 1886 982 1961; x_wconf 93' lang='lat' dir='ltr'><strong>quod</strong></span> <span class='ocrx_word' id='word_1_199' title='bbox 1034 1904 1139 1962; x_wconf 90' lang='lat' dir='ltr'><strong>per</strong></span> <span class='ocrx_word' id='word_1_200' title='bbox 1168 1886 1459 1945; x_wconf 86' lang='lat' dir='ltr'><strong>Christum</strong></span> <span class='ocrx_word' id='word_1_201' title='bbox 1486 1886 1748 1961; x_wconf 87' lang='lat' dir='ltr'><strong>redemit,</strong></span> <span class='ocrx_word' id='word_1_202' title='bbox 1780 1887 1937 1963; x_wconf 90' lang='lat' dir='ltr'><strong>quod</strong></span> <span class='ocrx_word' id='word_1_203' title='bbox 1982 1888 2042 1944; x_wconf 89' lang='lat' dir='ltr'><strong>in</strong></span> <span class='ocrx_word' id='word_1_204' title='bbox 2085 1888 2366 1966; x_wconf 87' lang='lat' dir='ltr'><strong>templum</strong></span> <span class='ocrx_word' id='word_1_205' title='bbox 2398 1889 2646 1968; x_wconf 82' lang='lat' dir='ltr'><strong>Spiritus</strong></span> <span class='ocrx_word' id='word_1_206' title='bbox 2680 1893 2739 1952; x_wconf 90' lang='lat' dir='ltr'><strong>S.</strong></span> 
     </span>
     <span class='ocr_line' id='line_1_20' title="bbox 322 1964 2743 2044; baseline 0.004 -23"><span class='ocrx_word' id='word_1_207' title='bbox 322 1965 701 2039; x_wconf 87' lang='lat' dir='ltr'><strong>consecravit,</strong></span> <span class='ocrx_word' id='word_1_208' title='bbox 727 1964 899 2023; x_wconf 90' lang='lat' dir='ltr'><strong>idolis</strong></span> <span class='ocrx_word' id='word_1_209' title='bbox 926 1966 1235 2044; x_wconf 86' lang='lat' dir='ltr'><strong>polluatur,</strong></span> <span class='ocrx_word' id='word_1_210' title='bbox 1268 1966 1365 2024; x_wconf 84' lang='lat' dir='ltr'><strong>vel</strong></span> <span class='ocrx_word' id='word_1_211' title='bbox 1393 1966 1678 2044; x_wconf 85' lang='lat' dir='ltr'><strong>spirituali</strong></span> <span class='ocrx_word' id='word_1_212' title='bbox 1723 1968 2068 2026; x_wconf 81' lang='lat' dir='ltr'><strong>scortatione</strong></span> <span class='ocrx_word' id='word_1_213' title='bbox 2111 1968 2547 2029; x_wconf 82' lang='lat' dir='ltr'><strong>contaminetur.</strong></span> <span class='ocrx_word' id='word_1_214' title='bbox 2611 1971 2743 2030; x_wconf 90' lang='lat' dir='ltr'><strong>Non</strong></span> 
     </span>
     <span class='ocr_line' id='line_1_21' title="bbox 322 2044 2742 2121; baseline 0.003 -18"><span class='ocrx_word' id='word_1_215' title='bbox 322 2053 515 2121; x_wconf 88' lang='lat' dir='ltr'><strong>potest</strong></span> <span class='ocrx_word' id='word_1_216' title='bbox 541 2044 706 2120; x_wconf 84' lang='lat' dir='ltr'><strong>ferre,</strong></span> <span class='ocrx_word' id='word_1_217' title='bbox 738 2054 805 2105; x_wconf 89' lang='lat' dir='ltr'><strong>ut</strong></span> <span class='ocrx_word' id='word_1_218' title='bbox 832 2045 1210 2121; x_wconf 83' lang='lat' dir='ltr'><strong>Christianus,</strong></span> <span class='ocrx_word' id='word_1_219' title='bbox 1240 2046 1397 2104; x_wconf 84' lang='lat' dir='ltr'><strong>filius</strong></span> <span class='ocrx_word' id='word_1_220' title='bbox 1429 2046 1539 2104; x_wconf 91' lang='lat' dir='ltr'><strong>Dei</strong></span> <span class='ocrx_word' id='word_1_221' title='bbox 1568 2046 1846 2121; x_wconf 84' lang='lat' dir='ltr'><strong>veritatis,</strong></span> <span class='ocrx_word' id='word_1_222' title='bbox 1898 2046 2129 2106; x_wconf 84' lang='lat' dir='ltr'><strong>infamis</strong></span> <span class='ocrx_word' id='word_1_223' title='bbox 2177 2049 2463 2108; x_wconf 86' lang='lat' dir='ltr'><strong>mendacii</strong></span> <span class='ocrx_word' id='word_1_224' title='bbox 2505 2050 2742 2112; x_wconf 90' lang='lat' dir='ltr'><strong>crimine</strong></span> 
     </span>
     <span class='ocr_line' id='line_1_22' title="bbox 320 2124 2740 2205; baseline 0.003 -22"><span class='ocrx_word' id='word_1_225' title='bbox 320 2144 383 2182; x_wconf 86' lang='lat' dir='ltr'><strong>se</strong></span> <span class='ocrx_word' id='word_1_226' title='bbox 414 2124 755 2203; x_wconf 88' lang='lat' dir='ltr'><strong>obstringat,</strong></span> <span class='ocrx_word' id='word_1_227' title='bbox 788 2126 1112 2184; x_wconf 88' lang='lat' dir='ltr'><strong>simulando</strong></span> <span class='ocrx_word' id='word_1_228' title='bbox 1144 2146 1398 2203; x_wconf 87' lang='lat' dir='ltr'><strong>corpore,</strong></span> <span class='ocrx_word' id='word_1_229' title='bbox 1429 2126 1586 2203; x_wconf 90' lang='lat' dir='ltr'><strong>quod</strong></span> <span class='ocrx_word' id='word_1_230' title='bbox 1614 2126 1809 2184; x_wconf 88' lang='lat' dir='ltr'><strong>animo</strong></span> <span class='ocrx_word' id='word_1_231' title='bbox 1831 2126 2134 2205; x_wconf 89' lang='lat' dir='ltr'><strong>improbat,</strong></span> <span class='ocrx_word' id='word_1_232' title='bbox 2177 2136 2236 2186; x_wconf 93' lang='lat' dir='ltr'><strong>et</strong></span> <span class='ocrx_word' id='word_1_233' title='bbox 2277 2128 2589 2189; x_wconf 87' lang='lat' dir='ltr'><strong>divortium</strong></span> <span class='ocrx_word' id='word_1_234' title='bbox 2619 2133 2740 2191; x_wconf 78' lang='lat' dir='ltr'><strong>exi-</strong></span> 
     </span>
     <span class='ocr_line' id='line_1_23' title="bbox 320 2204 2742 2285; baseline 0.003 -22"><span class='ocrx_word' id='word_1_235' title='bbox 320 2205 459 2263; x_wconf 87' lang='lat' dir='ltr'><strong>tiale</strong></span> <span class='ocrx_word' id='word_1_236' title='bbox 488 2204 637 2263; x_wconf 90' lang='lat' dir='ltr'><strong>inter</strong></span> <span class='ocrx_word' id='word_1_237' title='bbox 663 2206 925 2283; x_wconf 86' lang='lat' dir='ltr'><strong>linguam</strong></span> <span class='ocrx_word' id='word_1_238' title='bbox 954 2214 1013 2264; x_wconf 89' lang='lat' dir='ltr'><strong>et</strong></span> <span class='ocrx_word' id='word_1_239' title='bbox 1041 2226 1140 2264; x_wconf 87' lang='lat' dir='ltr'><strong>cor</strong></span> <span class='ocrx_word' id='word_1_240' title='bbox 1156 2205 1437 2265; x_wconf 82' lang='lat' dir='ltr'><strong>faciendO.</strong></span> <span class='ocrx_word' id='word_1_241' title='bbox 1484 2208 1581 2264; x_wconf 91' lang='lat' dir='ltr'><strong>An</strong></span> <span class='ocrx_word' id='word_1_242' title='bbox 1600 2207 1692 2263; x_wconf 86' lang='lat' dir='ltr'><strong>vir</strong></span> <span class='ocrx_word' id='word_1_243' title='bbox 1713 2226 1950 2266; x_wconf 82' lang='lat' dir='ltr'><strong>uxorem</strong></span> <span class='ocrx_word' id='word_1_244' title='bbox 1971 2227 2132 2266; x_wconf 88' lang='lat' dir='ltr'><strong>suam</strong></span> <span class='ocrx_word' id='word_1_245' title='bbox 2151 2207 2420 2285; x_wconf 89' lang='lat' dir='ltr'><strong>pudicam</strong></span> <span class='ocrx_word' id='word_1_246' title='bbox 2439 2219 2497 2269; x_wconf 91' lang='lat' dir='ltr'><strong>et</strong></span> <span class='ocrx_word' id='word_1_247' title='bbox 2525 2221 2742 2270; x_wconf 86' lang='lat' dir='ltr'><strong>castam</strong></span> 
     </span>
     <span class='ocr_line' id='line_1_24' title="bbox 322 2284 2743 2365; baseline 0.004 -24"><span class='ocrx_word' id='word_1_248' title='bbox 322 2284 550 2359; x_wconf 81' lang='lat' dir='ltr'><strong>dixerit,</strong></span> <span class='ocrx_word' id='word_1_249' title='bbox 582 2305 713 2363; x_wconf 88' lang='lat' dir='ltr'><strong>quae</strong></span> <span class='ocrx_word' id='word_1_250' title='bbox 741 2306 841 2344; x_wconf 89' lang='lat' dir='ltr'><strong>cor</strong></span> <span class='ocrx_word' id='word_1_251' title='bbox 867 2286 1098 2363; x_wconf 90' lang='lat' dir='ltr'><strong>quidem</strong></span> <span class='ocrx_word' id='word_1_252' title='bbox 1131 2306 1359 2345; x_wconf 85' lang='lat' dir='ltr'><strong>servare</strong></span> <span class='ocrx_word' id='word_1_253' title='bbox 1389 2286 1676 2346; x_wconf 88' lang='lat' dir='ltr'><strong>illibatum</strong></span> <span class='ocrx_word' id='word_1_254' title='bbox 1704 2288 1909 2346; x_wconf 87' lang='lat' dir='ltr'><strong>marito</strong></span> <span class='ocrx_word' id='word_1_255' title='bbox 1945 2288 2296 2365; x_wconf 88' lang='lat' dir='ltr'><strong>profiteatur,</strong></span> <span class='ocrx_word' id='word_1_256' title='bbox 2341 2288 2571 2348; x_wconf 88' lang='lat' dir='ltr'><strong>interim</strong></span> <span class='ocrx_word' id='word_1_257' title='bbox 2616 2312 2743 2350; x_wconf 87' lang='lat' dir='ltr'><strong>cor-</strong></span> 
     </span>
     <span class='ocr_line' id='line_1_25' title="bbox 321 2364 2744 2449; baseline 0.004 -26"><span class='ocrx_word' id='word_1_258' title='bbox 321 2385 429 2442; x_wconf 88' lang='lat' dir='ltr'><strong>pus</strong></span> <span class='ocrx_word' id='word_1_259' title='bbox 450 2364 728 2426; x_wconf 81' lang='lat' dir='ltr'><strong>adulteris</strong></span> <span class='ocrx_word' id='word_1_260' title='bbox 755 2366 1005 2425; x_wconf 89' lang='lat' dir='ltr'><strong>nefanda</strong></span> <span class='ocrx_word' id='word_1_261' title='bbox 1022 2366 1263 2425; x_wconf 89' lang='lat' dir='ltr'><strong>libidine</strong></span> <span class='ocrx_word' id='word_1_262' title='bbox 1285 2368 1639 2443; x_wconf 78' lang='lat' dir='ltr'><strong>prostituat?</strong></span> <span class='ocrx_word' id='word_1_263' title='bbox 1683 2367 1776 2426; x_wconf 88' lang='lat' dir='ltr'><strong>Ita</strong></span> <span class='ocrx_word' id='word_1_264' title='bbox 1802 2388 1876 2425; x_wconf 88' lang='lat' dir='ltr'><strong>an</strong></span> <span class='ocrx_word' id='word_1_265' title='bbox 1907 2368 2169 2427; x_wconf 88' lang='lat' dir='ltr'><strong>Christus</strong></span> <span class='ocrx_word' id='word_1_266' title='bbox 2197 2389 2302 2446; x_wconf 92' lang='lat' dir='ltr'><strong>pro</strong></span> <span class='ocrx_word' id='word_1_267' title='bbox 2342 2369 2502 2428; x_wconf 86' lang='lat' dir='ltr'><strong>fideli</strong></span> <span class='ocrx_word' id='word_1_268' title='bbox 2531 2390 2744 2449; x_wconf 88' lang='lat' dir='ltr'><strong>sponsa</strong></span> 
     </span>
     <span class='ocr_line' id='line_1_26' title="bbox 320 2446 2745 2529; baseline 0.004 -26"><span class='ocrx_word' id='word_1_269' title='bbox 320 2454 379 2503; x_wconf 91' lang='lat' dir='ltr'><strong>et</strong></span> <span class='ocrx_word' id='word_1_270' title='bbox 407 2454 565 2505; x_wconf 87' lang='lat' dir='ltr'><strong>casta</strong></span> <span class='ocrx_word' id='word_1_271' title='bbox 591 2446 817 2523; x_wconf 86' lang='lat' dir='ltr'><strong>virgine</strong></span> <span class='ocrx_word' id='word_1_272' title='bbox 845 2446 1147 2506; x_wconf 86' lang='lat' dir='ltr'><strong>habiturus</strong></span> <span class='ocrx_word' id='word_1_273' title='bbox 1176 2456 1279 2521; x_wconf 90' lang='lat' dir='ltr'><strong>est,</strong></span> <span class='ocrx_word' id='word_1_274' title='bbox 1311 2466 1441 2523; x_wconf 81' lang='lat' dir='ltr'><strong>quae</strong></span> <span class='ocrx_word' id='word_1_275' title='bbox 1468 2447 1672 2525; x_wconf 86' lang='lat' dir='ltr'><strong>partiri</strong></span> <span class='ocrx_word' id='word_1_276' title='bbox 1699 2448 1947 2507; x_wconf 85' lang='lat' dir='ltr'><strong>voluerit</strong></span> <span class='ocrx_word' id='word_1_277' title='bbox 1995 2448 2146 2507; x_wconf 89' lang='lat' dir='ltr'><strong>inter</strong></span> <span class='ocrx_word' id='word_1_278' title='bbox 2172 2468 2234 2507; x_wconf 89' lang='lat' dir='ltr'><strong>se</strong></span> <span class='ocrx_word' id='word_1_279' title='bbox 2263 2457 2321 2508; x_wconf 88' lang='lat' dir='ltr'><strong>et</strong></span> <span class='ocrx_word' id='word_1_280' title='bbox 2358 2451 2653 2529; x_wconf 89' lang='lat' dir='ltr'><strong>mundum,</strong></span> <span class='ocrx_word' id='word_1_281' title='bbox 2685 2463 2745 2513; x_wconf 90' lang='lat' dir='ltr'><strong>et</strong></span> 
     </span>
     <span class='ocr_line' id='line_1_27' title="bbox 321 2525 2742 2611; baseline 0.004 -27"><span class='ocrx_word' id='word_1_282' title='bbox 321 2546 421 2584; x_wconf 85' lang='lat' dir='ltr'><strong>cor</strong></span> <span class='ocrx_word' id='word_1_283' title='bbox 446 2525 679 2603; x_wconf 90' lang='lat' dir='ltr'><strong>quidem</strong></span> <span class='ocrx_word' id='word_1_284' title='bbox 709 2527 846 2585; x_wconf 88' lang='lat' dir='ltr'><strong>dare</strong></span> <span class='ocrx_word' id='word_1_285' title='bbox 876 2547 937 2586; x_wconf 88' lang='lat' dir='ltr'><strong>se</strong></span> <span class='ocrx_word' id='word_1_286' title='bbox 967 2527 1196 2586; x_wconf 85' lang='lat' dir='ltr'><strong>Christo</strong></span> <span class='ocrx_word' id='word_1_287' title='bbox 1224 2527 1575 2604; x_wconf 88' lang='lat' dir='ltr'><strong>profiteatur,</strong></span> <span class='ocrx_word' id='word_1_288' title='bbox 1609 2527 1748 2587; x_wconf 89' lang='lat' dir='ltr'><strong>dum</strong></span> <span class='ocrx_word' id='word_1_289' title='bbox 1770 2548 1977 2607; x_wconf 89' lang='lat' dir='ltr'><strong>corpus</strong></span> <span class='ocrx_word' id='word_1_290' title='bbox 2007 2529 2222 2588; x_wconf 88' lang='lat' dir='ltr'><strong>mundo</strong></span> <span class='ocrx_word' id='word_1_291' title='bbox 2277 2538 2336 2589; x_wconf 89' lang='lat' dir='ltr'><strong>et</strong></span> <span class='ocrx_word' id='word_1_292' title='bbox 2382 2530 2553 2591; x_wconf 89' lang='lat' dir='ltr'><strong>idolis</strong></span> <span class='ocrx_word' id='word_1_293' title='bbox 2579 2554 2742 2611; x_wconf 86' lang='lat' dir='ltr'><strong>pros-</strong></span> 
     </span>
     <span class='ocr_line' id='line_1_28' title="bbox 320 2606 527 2666; baseline 0 -1"><span class='ocrx_word' id='word_1_294' title='bbox 320 2606 479 2666; x_wconf 89' lang='lat' dir='ltr'><strong>tituit</strong></span> <span class='ocrx_word' id='word_1_295' title='bbox 498 2608 527 2665; x_wconf 68' lang='lat' dir='ltr'>P</span> 
     </span>
     <span class='ocr_line' id='line_1_29' title="bbox 403 2686 2733 2771; baseline 0.003 -28"><span class='ocrx_word' id='word_1_296' title='bbox 403 2686 662 2746; x_wconf 87' lang='lat' dir='ltr'><strong>XXIII.</strong></span> <span class='ocrx_word' id='word_1_297' title='bbox 708 2686 911 2765; x_wconf 88' lang='lat' dir='ltr'><strong>Neque</strong></span> <span class='ocrx_word' id='word_1_298' title='bbox 967 2688 1060 2747; x_wconf 90' lang='lat' dir='ltr'><strong>hic</strong></span> <span class='ocrx_word' id='word_1_299' title='bbox 1115 2688 1525 2766; x_wconf 87' lang='lat' dir='ltr'><strong>reponendum,</strong></span> <span class='ocrx_word' id='word_1_300' title='bbox 1570 2710 1684 2748; x_wconf 71' lang='lat' dir='ltr'><strong>nort</strong></span> <span class='ocrx_word' id='word_1_301' title='bbox 1721 2688 1909 2748; x_wconf 76' lang='lat' dir='ltr'><strong>statim</strong></span> <span class='ocrx_word' id='word_1_302' title='bbox 1938 2690 2248 2765; x_wconf 72' lang='lat' dir='ltr'><strong>Babylonis</strong></span> <span class='ocrx_word' id='word_1_303' title='bbox 2281 2693 2534 2766; x_wconf 77' lang='lat' dir='ltr'><strong>peccatis</strong></span> <span class='ocrx_word' id='word_1_304' title='bbox 2570 2692 2733 2771; x_wconf 60' lang='lat' dir='ltr'><strong>offici,</strong></span> 
     </span>
     <span class='ocr_line' id='line_1_30' title="bbox 316 2768 2736 2845; baseline 0.003 -21"><span class='ocrx_word' id='word_1_305' title='bbox 316 2776 587 2843; x_wconf 79' lang='lat' dir='ltr'><strong>quotquot</strong></span> <span class='ocrx_word' id='word_1_306' title='bbox 624 2768 683 2825; x_wconf 82' lang='lat' dir='ltr'><strong>in</strong></span> <span class='ocrx_word' id='word_1_307' title='bbox 724 2788 793 2827; x_wconf 86' lang='lat' dir='ltr'><strong>ea</strong></span> <span class='ocrx_word' id='word_1_308' title='bbox 833 2778 1074 2842; x_wconf 77' lang='lat' dir='ltr'><strong>manent,</strong></span> <span class='ocrx_word' id='word_1_309' title='bbox 1120 2788 1245 2827; x_wconf 84' lang='lat' dir='ltr'><strong>cum</strong></span> <span class='ocrx_word' id='word_1_310' title='bbox 1287 2770 1515 2827; x_wconf 77' lang='lat' dir='ltr'><strong>libertas</strong></span> <span class='ocrx_word' id='word_1_311' title='bbox 1554 2770 1772 2845; x_wconf 80' lang='lat' dir='ltr'><strong>quidvis</strong></span> <span class='ocrx_word' id='word_1_312' title='bbox 1796 2789 1916 2844; x_wconf 80' lang='lat' dir='ltr'><strong>pro</strong></span> <span class='ocrx_word' id='word_1_313' title='bbox 1964 2770 2202 2829; x_wconf 80' lang='lat' dir='ltr'><strong>arbitrio</strong></span> <span class='ocrx_word' id='word_1_314' title='bbox 2246 2772 2524 2845; x_wconf 82' lang='lat' dir='ltr'><strong>credendi,</strong></span> <span class='ocrx_word' id='word_1_315' title='bbox 2571 2778 2736 2831; x_wconf 85' lang='lat' dir='ltr'><strong>modo</strong></span> 
     </span>
     <span class='ocr_line' id='line_1_31' title="bbox 322 2847 2732 2928; baseline 0.002 -23"><span class='ocrx_word' id='word_1_316' title='bbox 322 2847 381 2906; x_wconf 82' lang='lat' dir='ltr'><strong>in</strong></span> <span class='ocrx_word' id='word_1_317' title='bbox 411 2851 527 2922; x_wconf 69' lang='lat' dir='ltr'><strong>ejus</strong></span> <span class='ocrx_word' id='word_1_318' title='bbox 556 2849 936 2907; x_wconf 79' lang='lat' dir='ltr'><strong>communione</strong></span> <span class='ocrx_word' id='word_1_319' title='bbox 978 2858 1217 2907; x_wconf 76' lang='lat' dir='ltr'><strong>externa</strong></span> <span class='ocrx_word' id='word_1_320' title='bbox 1256 2858 1572 2925; x_wconf 76' lang='lat' dir='ltr'><strong>maneatur,</strong></span> <span class='ocrx_word' id='word_1_321' title='bbox 1604 2850 1672 2907; x_wconf 73' lang='lat' dir='ltr'><strong>iis</strong></span> <span class='ocrx_word' id='word_1_322' title='bbox 1714 2849 1814 2925; x_wconf 76' lang='lat' dir='ltr'><strong>qui</strong></span> <span class='ocrx_word' id='word_1_323' title='bbox 1850 2852 1934 2907; x_wconf 83' lang='lat' dir='ltr'><strong>ad</strong></span> <span class='ocrx_word' id='word_1_324' title='bbox 1970 2870 2094 2908; x_wconf 85' lang='lat' dir='ltr'><strong>eam</strong></span> <span class='ocrx_word' id='word_1_325' title='bbox 2136 2852 2402 2908; x_wconf 82' lang='lat' dir='ltr'><strong>accedere</strong></span> <span class='ocrx_word' id='word_1_326' title='bbox 2439 2854 2732 2928; x_wconf 77' lang='lat' dir='ltr'><strong>voluerint,</strong></span> 
     </span>
     <span class='ocr_line' id='line_1_32' title="bbox 308 2928 2733 3009; baseline 0.002 -24"><span class='ocrx_word' id='word_1_327' title='bbox 308 2928 717 3004; x_wconf 76' lang='lat' dir='ltr'><strong>promittatur3</strong></span> <span class='ocrx_word' id='word_1_328' title='bbox 762 2948 895 2986; x_wconf 85' lang='lat' dir='ltr'><strong>nam</strong></span> <span class='ocrx_word' id='word_1_329' title='bbox 936 2928 1073 2987; x_wconf 92' lang='lat' dir='ltr'><strong>licet</strong></span> <span class='ocrx_word' id='word_1_330' title='bbox 1120 2928 1334 2995; x_wconf 83' lang='lat' dir='ltr'><strong>blando</strong></span> <span class='ocrx_word' id='word_1_331' title='bbox 1383 2929 1497 2988; x_wconf 92' lang='lat' dir='ltr'><strong>isto</strong></span> <span class='ocrx_word' id='word_1_332' title='bbox 1538 2948 1803 2987; x_wconf 89' lang='lat' dir='ltr'><strong>sermone</strong></span> <span class='ocrx_word' id='word_1_333' title='bbox 1843 2948 1962 2987; x_wconf 90' lang='lat' dir='ltr'><strong>non</strong></span> <span class='ocrx_word' id='word_1_334' title='bbox 2003 2948 2132 2987; x_wconf 91' lang='lat' dir='ltr'><strong>raro</strong></span> <span class='ocrx_word' id='word_1_335' title='bbox 2161 2929 2246 2987; x_wconf 90' lang='lat' dir='ltr'><strong>uti</strong></span> <span class='ocrx_word' id='word_1_336' title='bbox 2275 2930 2498 2989; x_wconf 89' lang='lat' dir='ltr'><strong>soleant</strong></span> <span class='ocrx_word' id='word_1_337' title='bbox 2536 2930 2733 3009; x_wconf 83' lang='lat' dir='ltr'><strong>Baby-</strong></span> 
     </span>
     <span class='ocr_line' id='line_1_33' title="bbox 316 3007 2738 3086; baseline 0.002 -20"><span class='ocrx_word' id='word_1_338' title='bbox 316 3007 469 3067; x_wconf 89' lang='lat' dir='ltr'><strong>lonis</strong></span> <span class='ocrx_word' id='word_1_339' title='bbox 495 3008 799 3086; x_wconf 86' lang='lat' dir='ltr'><strong>mancipia,</strong></span> <span class='ocrx_word' id='word_1_340' title='bbox 843 3028 961 3067; x_wconf 90' lang='lat' dir='ltr'><strong>non</strong></span> <span class='ocrx_word' id='word_1_341' title='bbox 990 3008 1223 3067; x_wconf 87' lang='lat' dir='ltr'><strong>difficile</strong></span> <span class='ocrx_word' id='word_1_342' title='bbox 1261 3017 1455 3067; x_wconf 90' lang='lat' dir='ltr'><strong>tamen</strong></span> <span class='ocrx_word' id='word_1_343' title='bbox 1510 3017 1599 3067; x_wconf 91' lang='lat' dir='ltr'><strong>est</strong></span> <span class='ocrx_word' id='word_1_344' title='bbox 1643 3008 1997 3085; x_wconf 86' lang='lat' dir='ltr'><strong>dignoscere,</strong></span> <span class='ocrx_word' id='word_1_345' title='bbox 2050 3008 2245 3067; x_wconf 87' lang='lat' dir='ltr'><strong>inania</strong></span> <span class='ocrx_word' id='word_1_346' title='bbox 2289 3018 2514 3068; x_wconf 84' lang='lat' dir='ltr'><strong>tantum</strong></span> <span class='ocrx_word' id='word_1_347' title='bbox 2557 3011 2738 3071; x_wconf 83' lang='lat' dir='ltr'><strong>verba</strong></span> 
     </span>
     <span class='ocr_line' id='line_1_34' title="bbox 316 3088 2738 3169; baseline 0.002 -22"><span class='ocrx_word' id='word_1_348' title='bbox 316 3107 462 3163; x_wconf 86' lang='lat' dir='ltr'><strong>esse,</strong></span> <span class='ocrx_word' id='word_1_349' title='bbox 492 3098 551 3147; x_wconf 88' lang='lat' dir='ltr'><strong>et</strong></span> <span class='ocrx_word' id='word_1_350' title='bbox 572 3108 761 3147; x_wconf 91' lang='lat' dir='ltr'><strong>escam</strong></span> <span class='ocrx_word' id='word_1_351' title='bbox 790 3088 1187 3166; x_wconf 86' lang='lat' dir='ltr'><strong>periculosam,</strong></span> <span class='ocrx_word' id='word_1_352' title='bbox 1218 3108 1335 3166; x_wconf 89' lang='lat' dir='ltr'><strong>qua</strong></span> <span class='ocrx_word' id='word_1_353' title='bbox 1362 3088 1626 3147; x_wconf 87' lang='lat' dir='ltr'><strong>incautos</strong></span> <span class='ocrx_word' id='word_1_354' title='bbox 1651 3088 1908 3147; x_wconf 89' lang='lat' dir='ltr'><strong>inescare</strong></span> <span class='ocrx_word' id='word_1_355' title='bbox 1919 3096 2206 3165; x_wconf 86' lang='lat' dir='ltr'><strong>satagunt.</strong></span> <span class='ocrx_word' id='word_1_356' title='bbox 2293 3088 2444 3163; x_wconf 88' lang='lat' dir='ltr'><strong>Quid</strong></span> <span class='ocrx_word' id='word_1_357' title='bbox 2473 3092 2624 3149; x_wconf 91' lang='lat' dir='ltr'><strong>enim</strong></span> <span class='ocrx_word' id='word_1_358' title='bbox 2639 3092 2738 3169; x_wconf 88' lang='lat' dir='ltr'><strong>ju-</strong></span> 
     </span>
     <span class='ocr_line' id='line_1_35' title="bbox 317 3168 2733 3250; baseline 0.002 -25"><span class='ocrx_word' id='word_1_359' title='bbox 317 3178 421 3227; x_wconf 83' lang='lat' dir='ltr'><strong>vat</strong></span> <span class='ocrx_word' id='word_1_360' title='bbox 447 3170 673 3228; x_wconf 71' lang='lat' dir='ltr'><strong>libertas</strong></span> <span class='ocrx_word' id='word_1_361' title='bbox 699 3170 967 3229; x_wconf 81' lang='lat' dir='ltr'><strong>credendi</strong></span> <span class='ocrx_word' id='word_1_362' title='bbox 1010 3169 1169 3246; x_wconf 91' lang='lat' dir='ltr'><strong>quod</strong></span> <span class='ocrx_word' id='word_1_363' title='bbox 1208 3169 1457 3242; x_wconf 88' lang='lat' dir='ltr'><strong>libuerit,</strong></span> <span class='ocrx_word' id='word_1_364' title='bbox 1505 3168 1555 3227; x_wconf 89' lang='lat' dir='ltr'><strong>si</strong></span> <span class='ocrx_word' id='word_1_365' title='bbox 1598 3168 1914 3227; x_wconf 84' lang='lat' dir='ltr'><strong>necessitas</strong></span> <span class='ocrx_word' id='word_1_366' title='bbox 1959 3188 2184 3246; x_wconf 88' lang='lat' dir='ltr'><strong>semper</strong></span> <span class='ocrx_word' id='word_1_367' title='bbox 2223 3168 2536 3246; x_wconf 89' lang='lat' dir='ltr'><strong>imponitur</strong></span> <span class='ocrx_word' id='word_1_368' title='bbox 2562 3173 2733 3250; x_wconf 89' lang='lat' dir='ltr'><strong>profi-</strong></span> 
     </span>
     <span class='ocr_line' id='line_1_36' title="bbox 316 3248 2728 3329; baseline 0.002 -22"><span class='ocrx_word' id='word_1_369' title='bbox 316 3248 477 3307; x_wconf 91' lang='lat' dir='ltr'><strong>tendi</strong></span> <span class='ocrx_word' id='word_1_370' title='bbox 504 3250 662 3327; x_wconf 90' lang='lat' dir='ltr'><strong>quod</strong></span> <span class='ocrx_word' id='word_1_371' title='bbox 690 3250 1058 3309; x_wconf 71' lang='lat' dir='ltr'><strong>conscientiae</strong></span> <span class='ocrx_word' id='word_1_372' title='bbox 1103 3258 1388 3328; x_wconf 86' lang='lat' dir='ltr'><strong>repugnat</strong></span> <span class='ocrx_word' id='word_1_373' title='bbox 1408 3252 1437 3308; x_wconf 71' lang='grc' dir='ltr'>Ρ</span> <span class='ocrx_word' id='word_1_374' title='bbox 1494 3249 1628 3307; x_wconf 91' lang='lat' dir='ltr'><strong>Non</strong></span> <span class='ocrx_word' id='word_1_375' title='bbox 1675 3256 1884 3326; x_wconf 87' lang='lat' dir='ltr'><strong>potest,</strong></span> <span class='ocrx_word' id='word_1_376' title='bbox 1929 3248 2128 3325; x_wconf 84' lang='lat' dir='ltr'><strong>fatcor,</strong></span> <span class='ocrx_word' id='word_1_377' title='bbox 2177 3250 2310 3327; x_wconf 88' lang='lat' dir='ltr'><strong>cogi</strong></span> <span class='ocrx_word' id='word_1_378' title='bbox 2358 3252 2728 3329; x_wconf 89' lang='lat' dir='ltr'><strong>conscientia,</strong></span> 
     </span>
     <span class='ocr_line' id='line_1_37' title="bbox 318 3328 2735 3408; baseline 0.003 -21"><span class='ocrx_word' id='word_1_379' title='bbox 318 3329 421 3387; x_wconf 91' lang='lat' dir='ltr'><strong>sed</strong></span> <span class='ocrx_word' id='word_1_380' title='bbox 450 3338 639 3407; x_wconf 89' lang='lat' dir='ltr'><strong>potest</strong></span> <span class='ocrx_word' id='word_1_381' title='bbox 666 3330 929 3408; x_wconf 89' lang='lat' dir='ltr'><strong>opprimi.</strong></span> <span class='ocrx_word' id='word_1_382' title='bbox 992 3330 1140 3388; x_wconf 87' lang='lat' dir='ltr'><strong>Nam</strong></span> <span class='ocrx_word' id='word_1_383' title='bbox 1169 3329 1444 3407; x_wconf 88' lang='lat' dir='ltr'><strong>quicquid</strong></span> <span class='ocrx_word' id='word_1_384' title='bbox 1473 3330 1565 3405; x_wconf 89' lang='lat' dir='ltr'><strong>sit,</strong></span> <span class='ocrx_word' id='word_1_385' title='bbox 1590 3328 1642 3387; x_wconf 88' lang='lat' dir='ltr'><strong>si</strong></span> <span class='ocrx_word' id='word_1_386' title='bbox 1669 3328 2127 3389; x_wconf 87' lang='lat' dir='ltr'><strong>communionem</strong></span> <span class='ocrx_word' id='word_1_387' title='bbox 2151 3338 2448 3390; x_wconf 82' lang='lat' dir='ltr'><strong>externam</strong></span> <span class='ocrx_word' id='word_1_388' title='bbox 2471 3330 2735 3395; x_wconf 86' lang='lat' dir='ltr'><strong>fovemus</strong></span> 
     </span>
     <span class='ocr_line' id='line_1_38' title="bbox 317 3410 2732 3504; baseline 0.002 -37"><span class='ocrx_word' id='word_1_389' title='bbox 317 3429 449 3467; x_wconf 90' lang='lat' dir='ltr'><strong>cum</strong></span> <span class='ocrx_word' id='word_1_390' title='bbox 476 3410 613 3486; x_wconf 81' lang='lat' dir='ltr'><strong>illa3</strong></span> <span class='ocrx_word' id='word_1_391' title='bbox 660 3410 709 3469; x_wconf 88' lang='lat' dir='ltr'><strong>si</strong></span> <span class='ocrx_word' id='word_1_392' title='bbox 738 3411 915 3468; x_wconf 85' lang='lat' dir='ltr'><strong>sacris</strong></span> <span class='ocrx_word' id='word_1_393' title='bbox 943 3410 1125 3488; x_wconf 91' lang='lat' dir='ltr'><strong>ipsius</strong></span> <span class='ocrx_word' id='word_1_394' title='bbox 1172 3410 1539 3487; x_wconf 87' lang='lat' dir='ltr'><strong>intersumus,</strong></span> <span class='ocrx_word' id='word_1_395' title='bbox 1592 3410 1799 3469; x_wconf 89' lang='lat' dir='ltr'><strong>saltem</strong></span> <span class='ocrx_word' id='word_1_396' title='bbox 1841 3429 2112 3488; x_wconf 86' lang='lat' dir='ltr'><strong>corpore;</strong></span> <span class='ocrx_word' id='word_1_397' title='bbox 2158 3410 2209 3469; x_wconf 88' lang='lat' dir='ltr'><strong>si</strong></span> <span class='ocrx_word' id='word_1_398' title='bbox 2257 3411 2385 3504; x_wconf 79' lang='lat' dir='ltr'><strong>ejus</strong></span> <span class='ocrx_word' id='word_1_399' title='bbox 2428 3412 2600 3473; x_wconf 85' lang='lat' dir='ltr'><strong>fidem</strong></span> <span class='ocrx_word' id='word_1_400' title='bbox 2631 3434 2732 3473; x_wconf 85' lang='lat' dir='ltr'><strong>ex-</strong></span> 
     </span>
     <span class='ocr_line' id='line_1_39' title="bbox 314 3490 2735 3571; baseline 0.002 -23"><span class='ocrx_word' id='word_1_401' title='bbox 314 3496 477 3549; x_wconf 86' lang='lat' dir='ltr'><strong>terne</strong></span> <span class='ocrx_word' id='word_1_402' title='bbox 523 3490 877 3568; x_wconf 88' lang='lat' dir='ltr'><strong>profitemur,</strong></span> <span class='ocrx_word' id='word_1_403' title='bbox 907 3510 1097 3550; x_wconf 88' lang='lat' dir='ltr'><strong>nonne</strong></span> <span class='ocrx_word' id='word_1_404' title='bbox 1126 3491 1514 3551; x_wconf 88' lang='lat' dir='ltr'><strong>characterem</strong></span> <span class='ocrx_word' id='word_1_405' title='bbox 1564 3491 1692 3568; x_wconf 91' lang='lat' dir='ltr'><strong>ejus</strong></span> <span class='ocrx_word' id='word_1_406' title='bbox 1747 3490 2043 3566; x_wconf 77' lang='lat' dir='ltr'><strong>sumimuS,</strong></span> <span class='ocrx_word' id='word_1_407' title='bbox 2075 3500 2136 3550; x_wconf 93' lang='lat' dir='ltr'><strong>et</strong></span> <span class='ocrx_word' id='word_1_408' title='bbox 2164 3491 2454 3551; x_wconf 79' lang='lat' dir='ltr'><strong>Christum</strong></span> <span class='ocrx_word' id='word_1_409' title='bbox 2483 3494 2735 3571; x_wconf 85' lang='lat' dir='ltr'><strong>abnega-</strong></span> 
     </span>
     <span class='ocr_line' id='line_1_40' title="bbox 314 3570 2740 3647; baseline 0.002 -18"><span class='ocrx_word' id='word_1_410' title='bbox 314 3572 489 3641; x_wconf 82' lang='lat' dir='ltr'><strong>mus?</strong></span> <span class='ocrx_word' id='word_1_411' title='bbox 571 3572 777 3629; x_wconf 90' lang='lat' dir='ltr'><strong>Nonne</strong></span> <span class='ocrx_word' id='word_1_412' title='bbox 806 3570 1237 3630; x_wconf 87' lang='lat' dir='ltr'><strong>dissimulamus</strong></span> <span class='ocrx_word' id='word_1_413' title='bbox 1264 3571 1565 3630; x_wconf 83' lang='lat' dir='ltr'><strong>veritatem</strong></span> <span class='ocrx_word' id='word_1_414' title='bbox 1595 3571 1870 3647; x_wconf 85' lang='lat' dir='ltr'><strong>agnitam,</strong></span> <span class='ocrx_word' id='word_1_415' title='bbox 1902 3579 1960 3630; x_wconf 87' lang='lat' dir='ltr'><strong>et</strong></span> <span class='ocrx_word' id='word_1_416' title='bbox 1975 3571 2338 3631; x_wconf 87' lang='lat' dir='ltr'><strong>mendacium</strong></span> <span class='ocrx_word' id='word_1_417' title='bbox 2357 3572 2694 3633; x_wconf 83' lang='lat' dir='ltr'><strong>simulamus</strong></span> <span class='ocrx_word' id='word_1_418' title='bbox 2711 3578 2740 3633; x_wconf 71' lang='grc' dir='ltr'>Ρ</span> 
     </span>
     <span class='ocr_line' id='line_1_41' title="bbox 315 3648 2736 3730; baseline 0.002 -22"><span class='ocrx_word' id='word_1_419' title='bbox 315 3648 522 3709; x_wconf 89' lang='lat' dir='ltr'><strong>Nonne</strong></span> <span class='ocrx_word' id='word_1_420' title='bbox 552 3653 677 3727; x_wconf 88' lang='lat' dir='ltr'><strong>ejus</strong></span> <span class='ocrx_word' id='word_1_421' title='bbox 700 3652 847 3729; x_wconf 87' lang='lat' dir='ltr'><strong>jugo</strong></span> <span class='ocrx_word' id='word_1_422' title='bbox 877 3651 1089 3710; x_wconf 89' lang='lat' dir='ltr'><strong>collum</strong></span> <span class='ocrx_word' id='word_1_423' title='bbox 1118 3651 1435 3727; x_wconf 88' lang='lat' dir='ltr'><strong>subdimus,</strong></span> <span class='ocrx_word' id='word_1_424' title='bbox 1474 3660 1534 3709; x_wconf 90' lang='lat' dir='ltr'><strong>et</strong></span> <span class='ocrx_word' id='word_1_425' title='bbox 1580 3650 1834 3728; x_wconf 85' lang='lat' dir='ltr'><strong>peccatis</strong></span> <span class='ocrx_word' id='word_1_426' title='bbox 1877 3652 2004 3729; x_wconf 86' lang='lat' dir='ltr'><strong>ejus</strong></span> <span class='ocrx_word' id='word_1_427' title='bbox 2051 3652 2507 3730; x_wconf 80' lang='lat' dir='ltr'><strong>participamus?</strong></span> <span class='ocrx_word' id='word_1_428' title='bbox 2547 3654 2736 3713; x_wconf 87' lang='lat' dir='ltr'><strong>Taceo</strong></span> 
     </span>
     <span class='ocr_line' id='line_1_42' title="bbox 314 3730 2727 3810; baseline 0.001 -21"><span class='ocrx_word' id='word_1_429' title='bbox 314 3731 474 3807; x_wconf 89' lang='lat' dir='ltr'><strong>quod</strong></span> <span class='ocrx_word' id='word_1_430' title='bbox 502 3731 647 3789; x_wconf 89' lang='lat' dir='ltr'><strong>falso</strong></span> <span class='ocrx_word' id='word_1_431' title='bbox 674 3732 809 3791; x_wconf 90' lang='lat' dir='ltr'><strong>talis</strong></span> <span class='ocrx_word' id='word_1_432' title='bbox 836 3732 1075 3790; x_wconf 88' lang='lat' dir='ltr'><strong>libertas</strong></span> <span class='ocrx_word' id='word_1_433' title='bbox 1102 3732 1473 3810; x_wconf 86' lang='lat' dir='ltr'><strong>promittitur,</strong></span> <span class='ocrx_word' id='word_1_434' title='bbox 1520 3750 1652 3790; x_wconf 91' lang='lat' dir='ltr'><strong>eum</strong></span> <span class='ocrx_word' id='word_1_435' title='bbox 1701 3730 1848 3789; x_wconf 88' lang='lat' dir='ltr'><strong>nihil</strong></span> <span class='ocrx_word' id='word_1_436' title='bbox 1891 3731 2083 3790; x_wconf 88' lang='lat' dir='ltr'><strong>minus</strong></span> <span class='ocrx_word' id='word_1_437' title='bbox 2126 3732 2189 3789; x_wconf 91' lang='lat' dir='ltr'><strong>in</strong></span> <span class='ocrx_word' id='word_1_438' title='bbox 2237 3733 2428 3790; x_wconf 88' lang='lat' dir='ltr'><strong>animo</strong></span> <span class='ocrx_word' id='word_1_439' title='bbox 2457 3732 2727 3809; x_wconf 91' lang='lat' dir='ltr'><strong>habeant,</strong></span> 
     </span>
     <span class='ocr_line' id='line_1_43' title="bbox 315 3810 2728 3889; baseline 0.001 -20"><span class='ocrx_word' id='word_1_440' title='bbox 315 3810 415 3888; x_wconf 89' lang='lat' dir='ltr'><strong>qui</strong></span> <span class='ocrx_word' id='word_1_441' title='bbox 442 3812 525 3871; x_wconf 88' lang='lat' dir='ltr'><strong>ita</strong></span> <span class='ocrx_word' id='word_1_442' title='bbox 551 3812 884 3889; x_wconf 88' lang='lat' dir='ltr'><strong>loquuntur,</strong></span> <span class='ocrx_word' id='word_1_443' title='bbox 930 3820 988 3871; x_wconf 90' lang='lat' dir='ltr'><strong>et</strong></span> <span class='ocrx_word' id='word_1_444' title='bbox 1036 3812 1386 3870; x_wconf 83' lang='lat' dir='ltr'><strong>contrarium</strong></span> <span class='ocrx_word' id='word_1_445' title='bbox 1424 3832 1496 3871; x_wconf 82' lang='lat' dir='ltr'><strong>ex</strong></span> <span class='ocrx_word' id='word_1_446' title='bbox 1543 3811 1672 3889; x_wconf 90' lang='lat' dir='ltr'><strong>ipsa</strong></span> <span class='ocrx_word' id='word_1_447' title='bbox 1697 3811 1866 3889; x_wconf 81' lang='lat' dir='ltr'><strong>praxi</strong></span> <span class='ocrx_word' id='word_1_448' title='bbox 1902 3820 2116 3888; x_wconf 90' lang='lat' dir='ltr'><strong>pateat.</strong></span> <span class='ocrx_word' id='word_1_449' title='bbox 2178 3811 2322 3886; x_wconf 89' lang='lat' dir='ltr'><strong>Quis</strong></span> <span class='ocrx_word' id='word_1_450' title='bbox 2351 3811 2504 3869; x_wconf 91' lang='lat' dir='ltr'><strong>enim</strong></span> <span class='ocrx_word' id='word_1_451' title='bbox 2526 3813 2728 3889; x_wconf 87' lang='lat' dir='ltr'><strong>nescit,</strong></span> 
     </span>
     <span class='ocr_line' id='line_1_44' title="bbox 312 3891 2732 3970; baseline 0.001 -22"><span class='ocrx_word' id='word_1_452' title='bbox 312 3891 599 3951; x_wconf 89' lang='lat' dir='ltr'><strong>neminem</strong></span> <span class='ocrx_word' id='word_1_453' title='bbox 622 3893 684 3949; x_wconf 92' lang='lat' dir='ltr'><strong>in</strong></span> <span class='ocrx_word' id='word_1_454' title='bbox 712 3891 1173 3950; x_wconf 89' lang='lat' dir='ltr'><strong>communionem</strong></span> <span class='ocrx_word' id='word_1_455' title='bbox 1200 3892 1327 3969; x_wconf 85' lang='lat' dir='ltr'><strong>ejus</strong></span> <span class='ocrx_word' id='word_1_456' title='bbox 1349 3892 1543 3970; x_wconf 87' lang='lat' dir='ltr'><strong>recipi,</strong></span> <span class='ocrx_word' id='word_1_457' title='bbox 1576 3892 1674 3951; x_wconf 85' lang='lat' dir='ltr'><strong>vel</strong></span> <span class='ocrx_word' id='word_1_458' title='bbox 1699 3891 1760 3949; x_wconf 90' lang='lat' dir='ltr'><strong>in</strong></span> <span class='ocrx_word' id='word_1_459' title='bbox 1777 3912 1847 3950; x_wconf 89' lang='lat' dir='ltr'><strong>ea</strong></span> <span class='ocrx_word' id='word_1_460' title='bbox 1864 3891 2074 3969; x_wconf 88' lang='lat' dir='ltr'><strong>degere</strong></span> <span class='ocrx_word' id='word_1_461' title='bbox 2094 3910 2282 3968; x_wconf 85' lang='lat' dir='ltr'><strong>posse,</strong></span> <span class='ocrx_word' id='word_1_462' title='bbox 2306 3892 2407 3967; x_wconf 89' lang='lat' dir='ltr'><strong>qui</strong></span> <span class='ocrx_word' id='word_1_463' title='bbox 2437 3892 2732 3951; x_wconf 87' lang='lat' dir='ltr'><strong>missatico</strong></span> 
     </span>
     <span class='ocr_line' id='line_1_45' title="bbox 314 3969 2731 4049; baseline 0.001 -21"><span class='ocrx_word' id='word_1_464' title='bbox 314 3971 597 4030; x_wconf 86' lang='lat' dir='ltr'><strong>sacrificio</strong></span> <span class='ocrx_word' id='word_1_465' title='bbox 638 3972 915 4031; x_wconf 88' lang='lat' dir='ltr'><strong>interesse</strong></span> <span class='ocrx_word' id='word_1_466' title='bbox 949 3992 1067 4031; x_wconf 90' lang='lat' dir='ltr'><strong>non</strong></span> <span class='ocrx_word' id='word_1_467' title='bbox 1096 3972 1319 4047; x_wconf 84' lang='lat' dir='ltr'><strong>debeat,</strong></span> <span class='ocrx_word' id='word_1_468' title='bbox 1352 3971 1414 4029; x_wconf 90' lang='lat' dir='ltr'><strong>id</strong></span> <span class='ocrx_word' id='word_1_469' title='bbox 1440 3980 1545 4047; x_wconf 88' lang='lat' dir='ltr'><strong>est,</strong></span> <span class='ocrx_word' id='word_1_470' title='bbox 1578 3991 1770 4031; x_wconf 89' lang='lat' dir='ltr'><strong>coram</strong></span> <span class='ocrx_word' id='word_1_471' title='bbox 1799 3971 1956 4031; x_wconf 91' lang='lat' dir='ltr'><strong>idolo</strong></span> <span class='ocrx_word' id='word_1_472' title='bbox 2000 3992 2156 4048; x_wconf 87' lang='lat' dir='ltr'><strong>genu</strong></span> <span class='ocrx_word' id='word_1_473' title='bbox 2197 3969 2426 4031; x_wconf 87' lang='lat' dir='ltr'><strong>flectere</strong></span> <span class='ocrx_word' id='word_1_474' title='bbox 2447 3973 2476 4029; x_wconf 69' lang='grc' dir='ltr'>Ρ</span> <span class='ocrx_word' id='word_1_475' title='bbox 2516 3972 2731 4049; x_wconf 89' lang='lat' dir='ltr'><strong>quique</strong></span> 
     </span>
     <span class='ocr_line' id='line_1_46' title="bbox 316 4050 2732 4129; baseline 0.001 -21"><span class='ocrx_word' id='word_1_476' title='bbox 316 4051 493 4127; x_wconf 83' lang='lat' dir='ltr'><strong>Papae</strong></span> <span class='ocrx_word' id='word_1_477' title='bbox 521 4052 917 4111; x_wconf 86' lang='lat' dir='ltr'><strong>auctoritatem</strong></span> <span class='ocrx_word' id='word_1_478' title='bbox 960 4071 1277 4129; x_wconf 86' lang='lat' dir='ltr'><strong>agnoscere</strong></span> <span class='ocrx_word' id='word_1_479' title='bbox 1304 4072 1419 4110; x_wconf 91' lang='lat' dir='ltr'><strong>non</strong></span> <span class='ocrx_word' id='word_1_480' title='bbox 1448 4060 1728 4128; x_wconf 81' lang='lat' dir='ltr'><strong>teneatur,</strong></span> <span class='ocrx_word' id='word_1_481' title='bbox 1781 4060 1839 4111; x_wconf 87' lang='lat' dir='ltr'><strong>et</strong></span> <span class='ocrx_word' id='word_1_482' title='bbox 1883 4051 2129 4110; x_wconf 87' lang='lat' dir='ltr'><strong>decretis</strong></span> <span class='ocrx_word' id='word_1_483' title='bbox 2175 4050 2456 4110; x_wconf 80' lang='lat' dir='ltr'><strong>Ecclesiae</strong></span> <span class='ocrx_word' id='word_1_484' title='bbox 2502 4052 2732 4127; x_wconf 88' lang='lat' dir='ltr'><strong>acquie-</strong></span> 
     </span>
     <span class='ocr_line' id='line_1_47' title="bbox 314 4130 2728 4209; baseline 0 -19"><span class='ocrx_word' id='word_1_485' title='bbox 314 4150 474 4190; x_wconf 90' lang='lat' dir='ltr'><strong>scere</strong></span> <span class='ocrx_word' id='word_1_486' title='bbox 494 4134 524 4189; x_wconf 86' lang='lat'><strong>?</strong></span> <span class='ocrx_word' id='word_1_487' title='bbox 604 4132 773 4206; x_wconf 86' lang='lat' dir='ltr'><strong>Quod</strong></span> <span class='ocrx_word' id='word_1_488' title='bbox 800 4152 996 4207; x_wconf 88' lang='lat' dir='ltr'><strong>unum,</strong></span> <span class='ocrx_word' id='word_1_489' title='bbox 1022 4134 1071 4191; x_wconf 88' lang='lat' dir='ltr'><strong>si</strong></span> <span class='ocrx_word' id='word_1_490' title='bbox 1100 4132 1243 4190; x_wconf 91' lang='lat' dir='ltr'><strong>nihil</strong></span> <span class='ocrx_word' id='word_1_491' title='bbox 1272 4132 1429 4190; x_wconf 85' lang='lat' dir='ltr'><strong>aliud</strong></span> <span class='ocrx_word' id='word_1_492' title='bbox 1480 4140 1650 4205; x_wconf 90' lang='lat' dir='ltr'><strong>esset,</strong></span> <span class='ocrx_word' id='word_1_493' title='bbox 1699 4130 2106 4209; x_wconf 84' lang='lat' dir='ltr'><strong>gravissimum</strong></span> <span class='ocrx_word' id='word_1_494' title='bbox 2154 4130 2478 4207; x_wconf 85' lang='lat' dir='ltr'><strong>tyrannidis</strong></span> <span class='ocrx_word' id='word_1_495' title='bbox 2497 4132 2728 4209; x_wconf 87' lang='lat' dir='ltr'><strong>jugum,</strong></span> 
     </span>
     <span class='ocr_line' id='line_1_48' title="bbox 312 4209 2732 4290; baseline 0 -21"><span class='ocrx_word' id='word_1_496' title='bbox 312 4231 445 4270; x_wconf 89' lang='lat' dir='ltr'><strong>cum</strong></span> <span class='ocrx_word' id='word_1_497' title='bbox 473 4210 739 4271; x_wconf 85' lang='lat' dir='ltr'><strong>libertate</strong></span> <span class='ocrx_word' id='word_1_498' title='bbox 769 4212 1095 4272; x_wconf 89' lang='lat' dir='ltr'><strong>Christiana</strong></span> <span class='ocrx_word' id='word_1_499' title='bbox 1120 4212 1291 4290; x_wconf 87' lang='lat' dir='ltr'><strong>plane</strong></span> <span class='ocrx_word' id='word_1_500' title='bbox 1318 4238 1602 4271; x_wconf 68' lang='lat' dir='ltr'><strong>arona-ro»</strong></span> <span class='ocrx_word' id='word_1_501' title='bbox 1631 4210 1918 4289; x_wconf 88' lang='lat' dir='ltr'><strong>importat,</strong></span> <span class='ocrx_word' id='word_1_502' title='bbox 1951 4209 2254 4286; x_wconf 84' lang='lat' dir='ltr'><strong>siquidem,</strong></span> <span class='ocrx_word' id='word_1_503' title='bbox 2274 4211 2385 4269; x_wconf 90' lang='lat' dir='ltr'><strong>hoc</strong></span> <span class='ocrx_word' id='word_1_504' title='bbox 2424 4211 2599 4269; x_wconf 89' lang='lat' dir='ltr'><strong>semel</strong></span> <span class='ocrx_word' id='word_1_505' title='bbox 2629 4232 2732 4290; x_wconf 92' lang='lat' dir='ltr'><strong>po-</strong></span> 
     </span>
     <span class='ocr_line' id='line_1_49' title="bbox 309 4290 2732 4369; baseline 0 -18"><span class='ocrx_word' id='word_1_506' title='bbox 309 4291 439 4369; x_wconf 90' lang='lat' dir='ltr'><strong>sit0,</strong></span> <span class='ocrx_word' id='word_1_507' title='bbox 470 4293 819 4352; x_wconf 88' lang='lat' dir='ltr'><strong>tenebuntur</strong></span> <span class='ocrx_word' id='word_1_508' title='bbox 848 4313 1047 4352; x_wconf 81' lang='lat' dir='ltr'><strong>omnes</strong></span> <span class='ocrx_word' id='word_1_509' title='bbox 1075 4313 1228 4351; x_wconf 85' lang='lat' dir='ltr'><strong>caeca</strong></span> <span class='ocrx_word' id='word_1_510' title='bbox 1254 4292 1584 4351; x_wconf 88' lang='lat' dir='ltr'><strong>obedientia</strong></span> <span class='ocrx_word' id='word_1_511' title='bbox 1629 4292 1900 4368; x_wconf 88' lang='lat' dir='ltr'><strong>recipcre,</strong></span> <span class='ocrx_word' id='word_1_512' title='bbox 1947 4290 2104 4366; x_wconf 87' lang='lat' dir='ltr'><strong>quod</strong></span> <span class='ocrx_word' id='word_1_513' title='bbox 2154 4290 2328 4367; x_wconf 82' lang='lat' dir='ltr'><strong>Papae</strong></span> <span class='ocrx_word' id='word_1_514' title='bbox 2374 4290 2612 4351; x_wconf 87' lang='lat' dir='ltr'><strong>libuerit</strong></span> <span class='ocrx_word' id='word_1_515' title='bbox 2657 4294 2732 4352; x_wconf 90' lang='lat' dir='ltr'><strong>ad</strong></span> 
     </span>
     <span class='ocr_line' id='line_1_50' title="bbox 306 4369 2734 4451; baseline 0 -19"><span class='ocrx_word' id='word_1_516' title='bbox 306 4372 657 4433; x_wconf 86' lang='lat' dir='ltr'><strong>credendum</strong></span> <span class='ocrx_word' id='word_1_517' title='bbox 685 4372 782 4432; x_wconf 87' lang='lat' dir='ltr'><strong>vel</strong></span> <span class='ocrx_word' id='word_1_518' title='bbox 809 4372 1199 4451; x_wconf 74' lang='lat' dir='ltr'><strong>praestandum</strong></span> <span class='ocrx_word' id='word_1_519' title='bbox 1228 4374 1555 4450; x_wconf 88' lang='lat' dir='ltr'><strong>imponere;</strong></span> <span class='ocrx_word' id='word_1_520' title='bbox 1600 4370 1759 4449; x_wconf 89' lang='lat' dir='ltr'><strong>quod</strong></span> <span class='ocrx_word' id='word_1_521' title='bbox 1784 4388 1956 4429; x_wconf 91' lang='lat' dir='ltr'><strong>nemo</strong></span> <span class='ocrx_word' id='word_1_522' title='bbox 1982 4388 2100 4428; x_wconf 88' lang='lat' dir='ltr'><strong>non</strong></span> <span class='ocrx_word' id='word_1_523' title='bbox 2146 4369 2310 4429; x_wconf 84' lang='lat' dir='ltr'><strong>videt</strong></span> <span class='ocrx_word' id='word_1_524' title='bbox 2335 4391 2537 4431; x_wconf 85' lang='lat' dir='ltr'><strong>verum</strong></span> <span class='ocrx_word' id='word_1_525' title='bbox 2567 4382 2624 4431; x_wconf 89' lang='lat' dir='ltr'><strong>et</strong></span> <span class='ocrx_word' id='word_1_526' title='bbox 2651 4374 2734 4432; x_wconf 92' lang='lat' dir='ltr'><strong>le-</strong></span> 
     </span>
     <span class='ocr_line' id='line_1_51' title="bbox 307 4449 2730 4531; baseline 0.001 -20"><span class='ocrx_word' id='word_1_527' title='bbox 307 4451 573 4527; x_wconf 86' lang='lat' dir='ltr'><strong>gitimum</strong></span> <span class='ocrx_word' id='word_1_528' title='bbox 604 4474 728 4514; x_wconf 91' lang='lat' dir='ltr'><strong>esse</strong></span> <span class='ocrx_word' id='word_1_529' title='bbox 756 4453 1022 4531; x_wconf 73' lang='lat' dir='ltr'><strong>positivae</strong></span> <span class='ocrx_word' id='word_1_530' title='bbox 1047 4454 1405 4529; x_wconf 87' lang='lat' dir='ltr'><strong>secessionis,</strong></span> <span class='ocrx_word' id='word_1_531' title='bbox 1437 4473 1567 4529; x_wconf 82' lang='lat' dir='ltr'><strong>quae</strong></span> <span class='ocrx_word' id='word_1_532' title='bbox 1594 4451 1692 4509; x_wconf 91' lang='lat' dir='ltr'><strong>hic</strong></span> <span class='ocrx_word' id='word_1_533' title='bbox 1719 4449 2126 4527; x_wconf 69' lang='lat' dir='ltr'><strong>praescribitur,</strong></span> <span class='ocrx_word' id='word_1_534' title='bbox 2175 4451 2460 4512; x_wconf 86' lang='lat' dir='ltr'><strong>motivum</strong></span> <span class='ocrx_word' id='word_1_535' title='bbox 2505 4462 2564 4512; x_wconf 90' lang='lat' dir='ltr'><strong>et</strong></span> <span class='ocrx_word' id='word_1_536' title='bbox 2601 4454 2730 4514; x_wconf 86' lang='lat' dir='ltr'><strong>fun-</strong></span> 
     </span>
     <span class='ocr_line' id='line_1_52' title="bbox 308 4530 1896 4611; baseline -0.001 -21"><span class='ocrx_word' id='word_1_537' title='bbox 308 4534 658 4611; x_wconf 85' lang='lat' dir='ltr'><strong>damentum,</strong></span> <span class='ocrx_word' id='word_1_538' title='bbox 689 4534 963 4593; x_wconf 89' lang='lat' dir='ltr'><strong>mandato</strong></span> <span class='ocrx_word' id='word_1_539' title='bbox 990 4534 1308 4611; x_wconf 64' lang='lat' dir='ltr'><strong>praesertim</strong></span> <span class='ocrx_word' id='word_1_540' title='bbox 1338 4534 1537 4591; x_wconf 79' lang='lat' dir='ltr'><strong>divino</strong></span> <span class='ocrx_word' id='word_1_541' title='bbox 1566 4530 1896 4590; x_wconf 88' lang='lat' dir='ltr'><strong>accedente.</strong></span> 
     </span>
     <span class='ocr_line' id='line_1_53' title="bbox 388 4609 2726 4692; baseline 0 -20"><span class='ocrx_word' id='word_1_542' title='bbox 388 4614 639 4674; x_wconf 86' lang='lat' dir='ltr'><strong>XXIV.</strong></span> <span class='ocrx_word' id='word_1_543' title='bbox 685 4613 929 4690; x_wconf 84' lang='lat' dir='ltr'><strong>Quando</strong></span> <span class='ocrx_word' id='word_1_544' title='bbox 951 4623 1143 4673; x_wconf 88' lang='lat' dir='ltr'><strong>autem</strong></span> <span class='ocrx_word' id='word_1_545' title='bbox 1174 4614 1511 4673; x_wconf 83' lang='lat' dir='ltr'><strong>mandatum</strong></span> <span class='ocrx_word' id='word_1_546' title='bbox 1554 4610 1703 4670; x_wconf 90' lang='lat' dir='ltr'><strong>illud</strong></span> <span class='ocrx_word' id='word_1_547' title='bbox 1729 4609 1944 4671; x_wconf 89' lang='lat' dir='ltr'><strong>factum</strong></span> <span class='ocrx_word' id='word_1_548' title='bbox 1975 4610 2067 4686; x_wconf 87' lang='lat' dir='ltr'><strong>sit,</strong></span> <span class='ocrx_word' id='word_1_549' title='bbox 2098 4632 2254 4672; x_wconf 87' lang='lat' dir='ltr'><strong>nunc</strong></span> <span class='ocrx_word' id='word_1_550' title='bbox 2280 4613 2686 4692; x_wconf 88' lang='lat' dir='ltr'><strong>inquirendum</strong></span> <span class='ocrx_word' id='word_1_551' title='bbox 2711 4636 2726 4689; x_wconf 82' lang='lat'>3</span> 
     </span>
     <span class='ocr_line' id='line_1_54' title="bbox 283 4690 2724 4772; baseline -0 -20"><span class='ocrx_word' id='word_1_552' title='bbox 283 4702 371 4753; x_wconf 81' lang='grc' dir='ltr'>·ιιι</span> <span class='ocrx_word' id='word_1_553' title='bbox 400 4706 623 4755; x_wconf 87' lang='lat' dir='ltr'><strong>constet</strong></span> <span class='ocrx_word' id='word_1_554' title='bbox 651 4715 767 4753; x_wconf 90' lang='lat' dir='ltr'><strong>non</strong></span> <span class='ocrx_word' id='word_1_555' title='bbox 798 4703 1021 4753; x_wconf 87' lang='lat' dir='ltr'><strong>tantum</strong></span> <span class='ocrx_word' id='word_1_556' title='bbox 1052 4695 1123 4752; x_wconf 93' lang='lat' dir='ltr'><strong>de</strong></span> <span class='ocrx_word' id='word_1_557' title='bbox 1156 4697 1317 4754; x_wconf 81' lang='lat' dir='ltr'><strong>modo</strong></span> <span class='ocrx_word' id='word_1_558' title='bbox 1368 4692 1728 4771; x_wconf 79' lang='lat' dir='ltr'><strong>secessioniS,</strong></span> <span class='ocrx_word' id='word_1_559' title='bbox 1782 4690 1884 4750; x_wconf 91' lang='lat' dir='ltr'><strong>sed</strong></span> <span class='ocrx_word' id='word_1_560' title='bbox 1933 4692 2106 4752; x_wconf 88' lang='lat' dir='ltr'><strong>etiam</strong></span> <span class='ocrx_word' id='word_1_561' title='bbox 2146 4693 2218 4753; x_wconf 89' lang='lat' dir='ltr'><strong>de</strong></span> <span class='ocrx_word' id='word_1_562' title='bbox 2260 4703 2523 4772; x_wconf 81' lang='lat' dir='ltr'><strong>tempore.</strong></span> <span class='ocrx_word' id='word_1_563' title='bbox 2619 4696 2724 4753; x_wconf 87' lang='lat' dir='ltr'><strong>Vo-</strong></span> 
     </span>
    </p>
   </div>
  </div>
 </body>
</html>
