3234 5192
516 224 636 295 742
1076 243 1156 285 ns
1196 244 1549 287 concoams
1590 242 1776 287 raum
1818 246 1891 287 m
1935 243 2168 301 sacom,
2199 247 2326 289 Ero.
2489 231 2758 305 [Disrur.
2783 246 2964 287 xxv.

510 412 519 421 ·
605 388 762 447 XX.
808 387 909 446 Ad
956 390 1062 446 2¹¹¹*
1106 386 1251 445 falso
1296 388 1505 447 iterum
1554 389 1829 467 supponit
1871 388 2280 467 Adversarius,
2323 390 2496 449 fidem
2525 396 2726 448 contra
2753 406 2962 464 quam

514 470 787 530 -Jacobus
815 468 1086 546 disputat,
1112 476 1169 527 et
1187 466 1259 527 de
1288 487 1403 545 qua
1423 470 1700 546 quaeritur
1719 470 1870 529 inter
1895 490 2002 530 nos
2021 471 2261 530 eandem
2283 489 2410 529 esse
2433 490 2564 529 cum
2590 468 2706 527 fide
2735 467 2960 527 Abra-

525 550 683 609 hami
713 549 785 608 de
814 570 930 625 qua
954 549 1212 626 loquitur
1238 557 1439 626 postea
1462 569 1475 624 ;
1508 569 1640 610 cum
1663 558 1882 609 certum
1911 550 1989 610 sit
2010 550 2358 628 Apostolum
2387 550 2494 608 has
2522 570 2558 608 a
2585 569 2647 609 se
2673 548 2960 607 invicem

526 631 882 707 distinguere
907 652 920 705 ;
964 648 1098 687 nam
1136 638 1201 688 ut
1249 630 1454 688 doceat
1480 629 1654 690 fidem
1703 630 1864 688 illam
1889 629 1964 689 de
1990 650 2108 708 qua
2127 630 2445 709 hypocritae
2471 630 2572 689 isti
2597 628 2958 707 gloriaban-

526 722 624 772 tur
650 712 856 769 falsam
885 720 943 769 ct
991 710 1222 768 inanem
1270 728 1414 785 esse,
1446 710 1687 789 opponit
1711 708 1887 769 fidem
1917 711 2108 769 Patris
2137 710 2511 787 credentium,
2543 730 2673 788 quae
2699 718 2960 769 mortua

526 812 645 851 non
672 791 798 866 fuit,
831 790 933 849 sed
962 788 1165 848 efficax
1194 810 1297 868 per
1323 790 1477 849 bona
1504 810 1710 869 opera3
1751 798 1912 868 patet
1928 810 2003 850 ex
2031 811 2152 851 ver.
2177 794 2272 867 20,
2305 794 2400 866 21,
2427 789 2556 865 &c.,
2589 793 2624 823 “
2647 790 2760 849 Vis
2788 810 2956 849 vero

530 890 897 949 cognoscere,
922 889 959 928 o
979 870 1151 928 homo
1175 889 1341 945 vane,
1366 870 1522 946 quod
1548 869 1696 929 fides
1718 871 1842 929 sine
1865 872 2134 949 operibus
2153 880 2381 931 mortua
2409 878 2498 930 est
2517 873 2547 929 ¹?
2627 869 2956 929 Abraham

528 964 695 1031 pater
719 960 917 1009 noster
942 969 1133 1007 nonne
1160 970 1237 1009 ex
1257 949 1528 1027 operibus
1549 950 1903 1028 justificatus
1931 959 2022 1010 est
2048 952 2242 1011 oblato
2263 950 2385 1010 filio
2413 947 2730 1026 su0‚’'&c.;
2761 951 2954 1027 quasi

530 1032 765 1108 diceret,
809 1031 919 1089 Vis
954 1030 1066 1088 hoc
1115 1029 1363 1107 amplius
1412 1050 1778 1108 cognoscere,
1808 1031 1984 1090 fidem
2027 1032 2247 1091 scilieet
2286 1051 2459 1109 quam
2494 1031 2684 1109 jactas
2734 1050 2952 1089 veram

530 1112 707 1171 fidem
732 1130 851 1169 non
879 1129 1007 1170 esse
1028 1130 1135 1169 nec
1164 1129 1279 1188 qua
1306 1128 1507 1169 secure
1534 1110 1642 1170 niti
1691 1114 1880 1189 possis
1899 1114 1929 1171 P
1968 1111 2166 1171 confer
2190 1111 2364 1171 fidem
2393 1112 2552 1170 illam
2575 1130 2704 1169 cum
2735 1110 2950 1169 Abra-

530 1192 688 1251 hami
715 1190 1049 1269 exemplari,
1098 1210 1233 1249 nam
1278 1210 1409 1249 cum
1459 1210 1495 1249 a
1542 1192 1671 1249 Deo
1697 1200 2049 1269 proponatur
2085 1201 2150 1251 ut
2181 1192 2354 1250 Pater
2379 1191 2733 1251 credentium
2761 1190 2954 1267 cujus

528 1272 669 1331 fidei
696 1270 961 1350 vestigiis
1007 1270 1273 1330 insistere
1300 1290 1501 1330 omnes
1548 1271 1734 1346 decet,
1764 1272 2004 1332 dubium
2047 1291 2165 1331 non
2213 1280 2301 1331 est
2349 1272 2491 1349 quin
2529 1290 2728 1329 veram
2754 1269 2950 1329 fidem

528 1352 814 1429 habuerit,
871 1351 1015 1429 quid
1060 1370 1201 1410 vero
1247 1351 1347 1410 ille
1401 1370 1592 1411 nonne
1643 1352 1908 1412 Isaacum
1957 1352 2170 1412 obtulit
2193 1355 2224 1411 Ρ
2305 1352 2511 1430 Itaque
2559 1371 2674 1410 non
2728 1350 2954 1410 habuit

534 1432 707 1492 fidem
728 1452 903 1510 quam
931 1451 1105 1509 opera
1131 1452 1248 1490 non
1291 1441 1796 1510 consequerentur,
1829 1432 1931 1492 sed
1967 1433 2131 1493 illum
2158 1452 2296 1493 vere
2323 1452 2427 1510 per
2451 1431 2624 1491 fidem
2645 1431 2948 1510 justifica-

530 1522 655 1572 tum
691 1512 870 1572 fuisse
916 1532 1011 1571 res
1057 1511 1184 1589 ipsa
1231 1512 1486 1572 ostendit
1530 1532 1707 1589 quum
1755 1532 1900 1591 opus
1943 1514 2054 1573 hoc
2082 1514 2278 1573 ederet
2309 1512 2572 1591 justitiae,
2601 1532 2722 1571 ver.
2747 1515 2846 1587 22,
2879 1520 2952 1569 et

530 1601 653 1652 tum
682 1592 851 1670 plene
878 1590 1227 1669 patefactum
1255 1600 1345 1651 est
1371 1610 1545 1669 quam
1590 1593 1798 1651 merito
1826 1592 1898 1651 de
1939 1613 2008 1653 eo
2037 1594 2310 1671 scriptum
2340 1593 2417 1652 sit
2443 1592 2601 1669 quod
2627 1591 2952 1651 crediderit

532 1672 661 1730 Deo
683 1680 741 1729 et
762 1671 850 1729 illi
867 1672 1211 1748 imputatum
1230 1671 1305 1730 sit
1325 1671 1402 1730 ad
1417 1672 1461 1731 J
1463 1672 1737 1749 ustitiam,
1763 1692 1882 1731 ver.
1906 1676 2002 1747 23,
2021 1673 2177 1733 unde
2199 1672 2381 1732 solide
2403 1672 2630 1750 colligit
2648 1672 2691 1732 J
2695 1671 2940 1747 acobuS,

532 1770 665 1811 cum
692 1750 838 1809 fides
878 1751 1120 1809 istorum
1147 1750 1295 1808 nihil
1342 1750 1529 1810 simile
1557 1751 1771 1810 habeat
1797 1771 1928 1810 cum
1956 1752 2072 1811 fide
2100 1751 2440 1829 Abrahami,
2470 1752 2618 1811 falso
2656 1761 2944 1829 tanquam

528 1850 729 1891 veram
757 1838 817 1889 et
844 1830 1161 1889 salvificam
1189 1830 1443 1889 obtendi.
1524 1830 1712 1890 Nemo
1739 1851 1880 1910 ergo
1908 1832 2060 1891 dixit
2085 1852 2342 1911 unquam
2367 1832 2526 1911 quod
2552 1833 2722 1892 nobis
2749 1832 2944 1909 impo-

534 1912 623 1971 nit
650 1910 945 1985 Bellarm.‚
970 1909 1294 1969 Abrahami
1319 1910 1492 1971 fidem
1519 1912 1786 1986 umbram
1812 1912 2008 1991 fuisse,
2041 1912 2144 1973 sed
2171 1932 2248 1972 ex
2265 1912 2588 1972 Abrahami
2613 1913 2730 1971 fide
2757 1912 2945 1971 fidem

530 1990 773 2053 definire
800 1992 1074 2067 omnium,
1106 1998 1165 2051 et
1190 2012 1389 2052 eorum
1432 1992 1685 2051 maxime
1711 1992 1813 2071 qui
1853 1994 2038 2053 solam
2085 2001 2382 2053 externam
2418 1993 2555 2053 fidei
2580 1993 2802 2051 larvam
2830 1992 2945 2049 ha-

532 2073 755 2149 berent,
804 2072 1067 2151 iniquum
1116 2092 1243 2132 esse
1286 2072 1732 2151 pronunciamus
1780 2081 1839 2133 et
1865 2074 2037 2153 plane
2065 2084 2269 2135 contra
2293 2082 2543 2134 mentem
2573 2074 2617 2133 J
2619 2072 2799 2147 acobi,
2832 2073 2946 2149 qui

535 2154 664 2214 haec
692 2162 987 2230 comparat
1013 2160 1079 2212 ut
1122 2152 1443 2228 dissimilia,
1475 2161 1541 2213 ut
1588 2174 1666 2213 ex
1692 2154 1865 2213 unius
1894 2156 2137 2215 veritate
2165 2156 2401 2214 alterius
2429 2153 2742 2213 vanitatem
2771 2152 2947 2211 evin-

536 2242 648 2293 cat.
734 2234 1019 2292 Caeterum
1061 2230 1218 2310 quod
1258 2232 1405 2291 fides
1442 2232 1656 2293 dicitur
1699 2236 1736 2267 “
1759 2244 2064 2312 cooperata
2095 2236 2264 2294 bonis
2293 2234 2562 2313 operibus
2610 2233 2682 2293 ὅτι
2722 2234 2945 2297 siaea'em

537 2316 758 2393 condemn
774 2318 873 2376 τοῖς
904 2310 1058 2392 ῗςγοις
1100 2314 1306 2385 ιῦτοῢ,”
1334 2330 1451 2369 non
1478 2311 1840 2370 referendum
1869 2323 1959 2372 est
1979 2315 2054 2372 ad
2083 2314 2267 2389 ipsam
2295 2316 2338 2373 J
2341 2314 2800 2389 ustificationem,
2833 2313 2944 2372 scd

536 2392 874 2469 simpliciter
900 2392 973 2449 ad
1004 2388 1421 2448 connexionem
1450 2408 1687 2466 operum
1731 2410 1863 2449 cum
1890 2392 2022 2463 fide,
2071 2400 2136 2450 ut
2163 2392 2520 2468 significetur
2545 2412 2734 2471 neque
2762 2414 2949 2471 opera

534 2471 713 2531 fuisse
736 2470 860 2529 sine
874 2470 1007 2546 fide,
1020 2488 1207 2545 neque
1226 2468 1401 2527 fidem
1420 2467 1595 2527 fuisse
1618 2469 1837 2547 absque
1855 2470 2324 2548 operibus,'quod
2335 2472 2618 2548 praecipue
2639 2474 2948 2549 quaereba-

534 2560 647 2628 tur,
670 2550 773 2610 sed
794 2550 1081 2611 efficacem
1096 2547 1275 2608 fuisse
1286 2556 1343 2612 et
1365 2547 1690 2608 foecundam
1711 2570 1814 2627 per
1831 2550 2048 2609 bonum
2067 2550 2214 2609 illud
2233 2570 2393 2628 opus,
2415 2558 2699 2627 quatenus
2717 2552 2948 2613 oblatio

536 2632 640 2691 illa
664 2631 772 2690 filii
792 2630 903 2691 fuit
928 2629 1227 2709 egregium
1255 2628 1393 2688 fidei
1420 2648 1583 2709 opus,
1607 2639 1690 2707 ut,
1717 2630 1871 2690 Heb.
1890 2630 2076 2708 xi.17,
2097 2630 2310 2690 dicitur
2319 2650 2433 2707 per
2445 2632 2624 2704 fidem
2643 2632 2903 2693 obtulisse
2919 2659 2950 2707 ;

540 2713 741 2791 Atque
768 2712 851 2772 ita
876 2733 995 2771 non
1021 2710 1383 2770 incommode
1410 2718 1608 2789 posset
1622 2711 1734 2770 hoc
1751 2712 1992 2772 verbum
2022 2712 2402 2789 compositum
2429 2711 2588 2790 quod
2613 2714 2948 2790 apponitur,

538 2814 643 2873 per
658 2793 869 2853 tmesin
887 2794 1027 2854 satis
1038 2793 1082 2852 J
1084 2792 1264 2851 acobo
1286 2790 1578 2863 usitatam,
1606 2812 1658 2851 c.
1676 2792 1737 2853 ii.
1767 2795 1823 2868 6,
1848 2795 1940 2868 13,
1965 2799 2024 2853 et
2040 2793 2119 2851 iv.
2143 2795 2236 2863 11,
2266 2792 2484 2851 resolvi
2503 2792 2562 2851 in
2585 2793 2836 2871 simplex
2861 2796 2895 2827 “
2913 2796 2944 2857 ui

544 2876 714 2942 πίστις
742 2876 766 2938 ἦ
795 2874 880 2933 σὺν
906 2880 1006 2941 τοῖς
1034 2871 1192 2955 ἔργοις
1220 2876 1372 2931 αὑτοῦ
1416 2872 1568 2952 igqis,
1598 2872 1744 2933 fides
1781 2892 1909 2933 cum
1955 2873 2224 2951 operibus
2252 2874 2509 2935 existens
2537 2873 2942 2952 operabatur,”

539 2956 604 3015 id
624 2964 847 3016 estnon
876 2954 1088 3015 sterilis
1106 2963 1188 3033 „et
1224 2953 1410 3013 otiosa
1442 2952 1671 3030 mansit,
1701 2961 1768 3014 ut
1787 2954 1885 3013 isti
1907 2954 2219 3029 volebant3
2277 2953 2406 3029 Quo
2444 2974 2617 3013 sensu
2643 2974 2782 3012 vero
2809 2974 2940 3013 con·

539 3045 821 3096 summata
867 3036 1107 3111 dicatur,
1136 3054 1255 3093 non
1282 3032 1476 3112 quoad
1502 3034 1831 3111 essentiam,
1863 3033 1968 3093 sed
2003 3033 2196 3112 quoad
2221 3033 2666 3094 declarationem
2695 3034 2938 3112 jamjam

542 3116 820 3175 dicemus.

624 3194 815 3252 XXI.
862 3194 935 3252 In
962 3194 1133 3253 tertia
1180 3194 1558 3273 Exceptione‚
1610 3204 1811 3273 peccat
1837 3194 2068 3254 fallacia
2101 3194 2606 3274 interpretationis,
2638 3194 2804 3272 quasi
2829 3194 2875 3254 J
2875 3214 2936 3252 a·

542 3273 741 3349 cobus,
772 3291 893 3331 ver.
942 3276 1039 3346 24,
1080 3292 1212 3331 cum
1259 3274 1339 3333 ait
1385 3277 1423 3309 “
1441 3274 1656 3335 videtis
1699 3275 1856 3353 quod
1899 3295 1974 3334 ex
2003 3276 2272 3353 operibus
2305 3276 2657 3355 justificatur
2681 3274 2854 3333 homo
2881 3283 2940 3333 et

542 3373 661 3413 non
688 3372 764 3412 ex
790 3351 905 3411 fide
933 3353 1217 3428 tantum,”
1241 3353 1285 3413 J
1287 3354 1730 3414 ustificationem
1747 3354 1883 3413 fidei
1910 3356 2274 3432 aliquatenus
2295 3364 2356 3415 et
2381 3376 2456 3415 ex
2483 3364 2645 3434 parte
2665 3363 2934 3431 tanquam

544 3453 733 3495 causae
762 3432 933 3493 sociae
978 3452 1109 3491 cum
1138 3432 1409 3511 operibus
1452 3434 1748 3493 tribueret.
1812 3435 1896 3494 At
1937 3434 2050 3494 hoc
2078 3455 2154 3494 ex
2193 3436 2390 3495 verbis
2417 3435 2550 3495 elici
2575 3454 2936 3513 nequaquam

542 3522 753 3594 potest,
782 3534 901 3573 non
926 3513 1173 3591 partitur
1214 3513 1367 3573 enim
1410 3512 1455 3574 J
1458 3513 1900 3574 ustificationem
1943 3515 2096 3574 inter
2122 3535 2297 3593 opera
2323 3524 2381 3575 et
2407 3515 2598 3593 fidem,
2631 3514 2734 3574 sed
2760 3522 2938 3573 totam

544 3596 817 3675 operibus
843 3594 1063 3670 tribuit,
1086 3592 1223 3652 fidei
1250 3602 1430 3653 totam
1452 3594 1712 3673 derogat,
1739 3594 1960 3654 scilicet
1985 3594 2073 3652 illi
2101 3595 2236 3655 fidei
2257 3595 2466 3674 de‘qua
2483 3595 2726 3673 quaestio
2743 3603 2868 3654 erat
2883 3603 2939 3654 et

544 3696 721 3755 quam
746 3674 1066 3755 hypocritae
1093 3694 1212 3753 prae
1236 3694 1297 3734 se
1324 3674 1602 3735 ferebant.
1664 3674 1795 3734 Non
1825 3675 1982 3751 dicit,
2014 3674 2247 3735 Videtis
2285 3675 2442 3753 quod
2481 3676 2655 3736 homo
2683 3695 2800 3734 non
2825 3674 2939 3734 fide

546 3764 789 3833 tantum,
837 3755 942 3815 sed
968 3755 1141 3815 etiam
1180 3755 1450 3833 operibus
1498 3755 1671 3815 simul
1709 3776 1840 3815 cum
1865 3754 1982 3814 fide
2008 3756 2054 3816 J
2054 3756 2391 3834 ustificatur,
2421 3756 2520 3815 vel
2547 3755 2760 3815 videtis
2785 3756 2940 3833 quod

536 3838 721 3897 *etiam
750 3856 827 3897 ex
855 3836 1123 3914 operibus
1143 3835 1496 3913 justificatur
1511 3836 1702 3911 hom0,
1734 3844 1794 3895 et
1819 3856 1938 3895 non
1958 3855 2034 3894 ex
2053 3836 2167 3895 fide
2189 3844 2413 3896 tantum
2437 3859 2451 3915 ;
2481 3834 2765 3914 particula
2791 3836 2940 3894 enim

540 3922 637 3976 καὶ
660 3917 754 3976 vel
782 3916 898 3975 alia
936 3915 1132 3993 aliqua
1175 3915 1379 3974 similis
1424 3915 1692 3975 addenda
1733 3915 1938 3976 fuisset
1965 3916 2040 3975 ad
2061 3916 2448 3976 denotandam
2477 3916 2938 3994 conjunctionem

548 4018 784 4077 operum
808 4016 939 4056 eum
966 3996 1081 4054 fide
1122 3995 1185 4053 in
1211 3994 1256 4055 J
1258 3994 1641 4055 ustificatione
1689 4004 1960 4075 tanquam
1992 4016 2294 4056 causarum
2323 3996 2622 4073 sociarum,
2671 3994 2776 4055 sed
2803 3996 2941 4056 dicit

548 4077 902 4157 simpliciter,
950 4078 986 4109 ‘⁴
1008 4074 1239 4135 Videtis
1287 4075 1444 4154 quod
1490 4095 1567 4135 ex
1610 4077 1882 4154 operibus
1929 4076 2296 4136 Justificatur
2350 4078 2540 4153 hom0,
2584 4084 2643 4136 et
2703 4096 2819 4135 non
2867 4096 2940 4135 ex

546 4160 663 4219 fide
703 4157 985 4232 tantum,”
1030 4156 1093 4215 id
1132 4164 1238 4233 est,
1282 4176 1399 4215 non
1442 4176 1516 4215 ex
1556 4156 1672 4216 fide
1715 4156 1818 4215 illa
1857 4156 2114 4217 solitaria
2151 4165 2209 4217 et
2250 4157 2520 4236 operibus
2562 4174 2745 4216 vacua
2770 4176 2938 4232 quam

546 4238 981 4315 pertendebant,
1027 4256 1157 4315 quse
1197 4256 1400 4296 revera
1439 4236 1585 4295 nihil
1641 4236 1800 4296 aliud
1857 4244 1946 4297 est
1986 4257 2161 4314 quam
2213 4238 2419 4297 umbra
2459 4246 2517 4297 et
2557 4237 2722 4295 larva
2760 4236 2937 4314 fidei;

549 4319 841 4377 hominem
883 4326 1074 4377 autem
1114 4338 1231 4376 non
1264 4316 1573 4396 justificari
1610 4336 1688 4377 ex
1729 4316 1834 4378 illa
1875 4317 2007 4393 fide,
2051 4317 2227 4377 evicit
2267 4317 2533 4395 exemplo
2573 4316 2710 4377 fidei
2753 4316 2938 4375 Abra-

547 4398 722 4470 hami,
767 4418 898 4475 quoe
940 4398 1055 4455 alia
1094 4398 1265 4476 plane
1298 4398 1425 4471 fuit,
1456 4399 1595 4458 viva
1623 4398 1783 4457 nimi.
1814 4407 1873 4458 et
1901 4397 2121 4473 efficax,
2163 4397 2318 4457 unde
2361 4397 2586 4475 colligit
2611 4418 2716 4476 per
2741 4417 2938 4457 conse-

546 4477 845 4553 quentiam
898 4478 1280 4536 necessariam
1346 4478 1700 4538 transeundo
1749 4479 1824 4538 ab
1881 4478 2194 4557 hypothesi
2247 4478 2324 4537 ad
2371 4478 2598 4553 thesim,
2655 4477 2936 4537 neminem

546 4576 717 4637 posse
752 4555 1057 4635 justificari
1098 4576 1203 4633 per
1248 4557 1408 4617 illam
1456 4558 1688 4620 inanem
1734 4559 1927 4637 fidem,
1957 4578 2087 4637 quae
2131 4558 2283 4619 ultra
2309 4557 2722 4638 professionem
2750 4566 2936 4617 exter·
