3234 5192
580 356 655 413 68
1342 370 1421 408 m:
1449 367 1812 410 necessasia
1841 366 2186 409 sscnssmm:
2613 343 2872 425 [msrur.
2901 364 2990 403 111.

580 512 726 572 ficiis
755 511 1147 590 spiritualibus
1176 511 1497 569 orationum
1524 518 1585 568 et
1616 509 1874 584 laudum,
1905 508 2116 585 quibus
2159 526 2286 565 eam
2329 506 2546 579 colunt,
2575 511 2642 563 ut
2689 504 2902 581 passim
2931 503 2993 561 in

582 592 898 651 Breviariis
942 592 1253 668 leguntur:
1312 591 1350 623 ‘⁴
1368 591 1527 648 Crux
1555 588 1910 668 splendidior
1963 586 2186 646 cunctis
2233 586 2420 661 astris,
2467 584 2684 643 mundo
2729 584 2990 658 celebris,

580 670 910 730 hominibus
936 671 1182 729 multum
1210 670 1488 745 amabiliS,
1522 670 1772 728 sanctior
1797 667 2102 741 universis,
2131 685 2261 742 quae
2300 666 2424 723 sola
2451 665 2609 723 fuisti
2657 664 2835 739 digna
2861 684 2992 741 por-

581 761 704 810 tare
722 751 1001 810 talentum
1022 750 1280 824 mundi,”
1306 748 1433 824 Sto„
1468 750 1680 807 “salva
1701 755 2039 825 praesentem
2068 754 2358 804 catervam
2374 746 2436 802 in
2465 746 2580 803 tuis
2607 744 2778 802 hodie
2807 744 2992 802 laudi-

584 831 695 889 bus
725 830 1194 907 congregatam,”
1219 827 1327 888 ἂρ.
1376 830 1447 885 In
1472 828 1751 886 Brevario
1776 828 1964 901 Rom„
1995 826 2058 883 in
2076 826 2253 884 Festo
2282 825 2571 899 Inventi0,
2597 832 2656 882 et
2685 823 2879 882 Exalt.
2931 823 2991 881 S.

585 911 804 986 Crucis,
835 918 894 969 et
930 910 1087 984 alibi,
1134 912 1171 941 “
1190 909 1348 968 Crux
1378 906 1607 983 Christi,
1635 908 1798 966 salva
1835 926 1944 965 nos
1973 928 1987 981 ;
2013 906 2173 965 Crux
2217 904 2447 979 Christi,
2479 902 2722 962 defende
2744 904 2908 978 nos,”
2931 902 2996 961 in

588 990 841 1049 Hortulo
868 990 1092 1047 animae.

669 1068 929 1127 XXIX.
976 1068 1122 1126 Haec
1150 1086 1288 1125 vero
1316 1066 1509 1125 omnia
1545 1068 1814 1141 clamant,
1842 1066 2010 1125 nobis
2038 1064 2212 1124 etiam
2255 1064 2595 1137 tacentibus,
2627 1062 2846 1121 cultum
2875 1080 2996 1119 om-

586 1168 737 1225 nem,
770 1149 871 1225 qui
913 1148 1040 1206 Deo
1081 1146 1338 1222 debetur,
1370 1148 1430 1205 in
1456 1166 1682 1205 crucem
1715 1146 2027 1205 transferri.
2091 1143 2261 1218 Quod
2289 1144 2338 1202 si
2364 1143 2476 1201 hoc
2495 1162 2613 1200 non
2641 1150 2730 1200 est
2756 1140 2996 1199 idolola-

589 1229 758 1288 triam
786 1247 1037 1286 crassam
1065 1227 1437 1302 committere,
1467 1246 1584 1285 non
1610 1226 1784 1284 video
1811 1226 1952 1303 quid
1979 1224 2056 1284 sit
2082 1222 2424 1283 idololatria.
2493 1222 2642 1281 Nam
2669 1240 2800 1279 eum
2828 1239 2998 1278 nemo

589 1316 765 1385 neget
805 1326 1031 1366 crucem
1070 1306 1241 1365 istam
1282 1306 1506 1383 lignum
1528 1326 1676 1365 ·esse
1717 1314 1774 1364 et
1816 1306 2086 1382 stipitem,
2117 1324 2286 1363 nemo
2313 1322 2526 1379 negare
2562 1309 2752 1380 potest
2779 1300 2997 1358 cultum

590 1388 922 1465 religiosum
966 1386 1053 1444 illi
1080 1386 1407 1445 exhibitum
1456 1386 1516 1444 in
1563 1406 1687 1444 rem
1735 1392 1985 1444 creatam
2033 1383 2347 1443 transferri.
2411 1383 2464 1441 N
2469 1402 2534 1441 ec
2581 1401 2682 1440 eos
2721 1399 2998 1439 excusare

589 1476 795 1546 potest,
826 1467 984 1544 quod
1011 1468 1188 1542 aiunt,
1218 1466 1421 1543 primo,
1456 1465 1678 1525 “illum
1707 1466 1999 1539 honorem,
2031 1464 2132 1542 qui
2147 1464 2457 1523 exhibetur
2483 1462 2654 1537 cruci,
2685 1460 2884 1521 referri
2925 1459 3003 1518 ad

590 1568 713 1607 rem
742 1546 1123 1623 significatam
1150 1548 1317 1624 cujus
1344 1553 1433 1604 est
1460 1546 1709 1622 signum,
1738 1565 1855 1603 non
1883 1543 1957 1602 ad
1977 1544 2162 1621 ipsam
2189 1562 2416 1603 crucem
2443 1542 2505 1600 in
2533 1542 2652 1600 se.’'
2719 1539 2868 1613 Quia
2893 1559 3002 1597 nec

592 1646 737 1685 crux
764 1627 980 1684 Christi
1007 1626 1238 1702 signum
1264 1632 1456 1702 potest
1482 1625 1614 1699 dici,
1639 1632 1700 1683 et
1717 1644 1795 1683 ex
1835 1624 2006 1683 dictis
2031 1632 2196 1702 paret
2221 1623 2440 1683 cultum
2467 1622 2640 1679 istum
2669 1618 2883 1679 directe
2911 1638 3000 1676 re-

591 1706 727 1764 ferri
754 1705 827 1762 ad
857 1724 1085 1763 crucem
1125 1705 1327 1781 ipsam.
1386 1704 1555 1763 Unde
1583 1704 1790 1763 Thom.
1818 1704 1928 1762 loc.
1959 1704 2055 1763 cit.
2083 1712 2342 1778 testatur,
2372 1702 2546 1761 etiam
2572 1698 2793 1758 ratione
2820 1697 3005 1774 ipsius

596 1784 871 1843 Crucifixi
896 1784 1219 1843 reverentia
1257 1784 1371 1843 ista
1399 1784 1553 1843 cruci
1594 1784 1953 1858 exhibeatur,
1983 1792 2177 1842 tamen
2205 1783 2279 1841 ob
2321 1802 2448 1841 eam
2495 1798 2729 1839 causam
2775 1796 3004 1837 crucem

595 1882 695 1922 eos
724 1864 960 1922 adorare
988 1863 1189 1921 eadem
1217 1862 1549 1922 adoratione
1576 1883 1708 1921 eum
1739 1863 1984 1939 Christe,
2029 1872 2089 1923 et
2114 1870 2346 1940 propter
2373 1863 2484 1919 hoc
2511 1879 2610 1919 eos
2651 1878 2879 1918 crucem
2922 1857 3005 1915 al-

593 1944 757 2020 loqui
783 1952 841 2002 et
882 1943 1175 2020 deprecari
1204 1944 1369 2020 quasi
1410 1943 1597 2020 ipsum
1648 1943 2019 2001 Crucifixum.
2105 1944 2236 2000 Non
2263 1941 2420 2019 quod
2465 1940 2702 2014 addunt,
2733 1937 3007 2012 secunde,

600 2027 636 2057 “
658 2024 894 2099 cultum,
925 2024 1025 2099 qui
1052 2042 1155 2100 per
1202 2042 1266 2081 se
1312 2032 1371 2082 et
1416 2023 1646 2100 proprie
1683 2023 1926 2082 debetur
1969 2022 2209 2100 imagini
2247 2021 2452 2095 crucis,
2495 2038 2613 2079 non
2660 2038 2786 2078 esse
2823 2018 3010 2075 latriae

600 2103 817 2162 cultum
844 2104 1090 2181 proprie,
1121 2101 1226 2160 sed
1252 2102 1539 2179 quendam
1566 2104 1750 2161 multo
1779 2102 2120 2178 inferiorem,
2153 2101 2252 2179 qui
2280 2100 2578 2177 analogice
2627 2107 2684 2157 et
2711 2096 3008 2157 reductive

600 2183 879 2241 referatur
918 2182 993 2239 ad
1038 2182 1282 2257 latriam,
1312 2190 1587 2259 tanquam
1637 2182 2034 2260 imperfectum
2077 2181 2154 2240 ad
2199 2180 2572 2259 perfectum,”
2603 2178 3007 2253 Bellarminus,

600 2263 703 2322 lib.
746 2268 801 2337 2,
846 2262 920 2320 de
969 2262 1192 2321 Eccles.
1234 2262 1507 2339 triumph.
1556 2282 1608 2321 c.
1659 2266 1755 2337 25,
1808 2282 1940 2320 nam
1989 2262 2101 2321 etsi
2139 2262 2251 2320 hoc
2296 2259 2706 2321 concederetur
2745 2266 3012 2336 respectu

600 2342 871 2419 imaginis
899 2342 1102 2416 crucis,
1134 2350 1470 2418 sequeretur
1494 2362 1722 2420 semper
1749 2343 1932 2419 ipsam
1975 2361 2202 2401 crucem
2229 2350 2296 2400 ut
2323 2348 2695 2419 prototypum
2719 2338 2890 2397 latria
2909 2357 3012 2414 per

604 2442 665 2481 se
694 2431 753 2479 et
780 2421 1007 2498 proprie
1049 2440 1175 2479 esse
1214 2420 1582 2480 adorandam.
1671 2422 1787 2481 Sed
1835 2423 1896 2480 in
1930 2420 2312 2499 ,sequentibus
2339 2440 2518 2498 quum
2547 2420 2619 2478 de
2660 2418 3012 2495 imaginibus

602 2500 1043 2577 disputabimus,
1075 2500 1411 2559 docebimus
1438 2502 1659 2561 cultum
1685 2501 1909 2560 nullum
1951 2502 2124 2561 talem
2167 2502 2528 2560 reductivum
2563 2508 2621 2558 et
2647 2498 3012 2575 analogicum

604 2580 731 2639 dari
758 2600 928 2657 posse
972 2581 1097 2638 sine
1124 2579 1465 2640 idololatriae
1493 2582 1950 2659 participatione.
2035 2582 2158 2641 Nec
2199 2581 2446 2659 denique
2473 2578 2630 2657 quod
2671 2578 2840 2637 tertio
2875 2577 3012 2635 sub-

598 2660 813 2738 jiciunt
880 2680 1010 2720 cum
1058 2660 1341 2737 &aym-io
1389 2664 1459 2719 de
1518 2663 1793 2737 Valentia,
1845 2662 1946 2738 qui
1989 2661 2262 2721 fidentius
2303 2680 2478 2737 quam
2525 2658 2911 2718 Bellarminus
2955 2664 3016 2715 et

606 2740 793 2817 magis
854 2740 1097 2799 rotunde
1146 2740 1537 2800 adorationem
1582 2742 1768 2800 crucis
1816 2741 2079 2815 adstruit,
2131 2744 2167 2774 ‘⁴
2189 2760 2252 2800 se
2296 2741 2517 2799 deferre
2566 2739 2784 2799 cultum
2831 2736 3016 2795 latriae

606 2820 957 2897 imaginibus
985 2820 1215 2897 Christi,
1240 2829 1301 2879 et
1328 2822 1529 2897 crucis,
1562 2821 1667 2880 sed
1698 2841 1814 2879 non
1858 2822 2008 2879 sicut
2036 2822 2323 2881 Christo.”
2409 2820 2559 2878 Nam
2587 2820 2670 2878 sic
2697 2816 3016 2895 impurissi-

605 2920 762 2959 mum
793 2908 1045 2959 scortum
1084 2910 1282 2978 posset
1322 2921 1383 2960 se
1424 2900 1590 2976 tueri,
1636 2921 1813 2978 quum
1855 2901 1993 2960 facit
2033 2902 2256 2979 copiam
2293 2900 2548 2977 corporis
2589 2899 2680 2957 sui
2721 2896 3015 2969 adulteris,

605 2981 801 3057 inique
830 3000 1025 3041 secum
1054 2982 1168 3058 agi,
1200 2982 1250 3041 si
1276 2981 1545 3041 adulterii
1588 2981 2016 3057 condemnetur,
2047 2981 2320 3059 quoniam
2355 2999 2472 3038 non
2499 2979 2702 3037 eodem
2730 2976 2867 3035 facit
2893 2976 3016 3033 ani-

608 3080 703 3119 mo
732 3069 902 3137 atque
930 3060 1157 3137 affeetu,
1187 3082 1303 3139 quo
1332 3082 1394 3121 se
1416 3060 1709 3121 consociat
1735 3062 1862 3120 viro
1891 3081 2015 3121 suo.

694 3140 917 3197 XXX.
962 3140 1123 3198 Nihil
1150 3142 1358 3199 attinet
1373 3150 1583 3215 autem,
1608 3149 1676 3200 ut
1701 3142 1952 3201 rationes
1969 3141 2160 3199 varias
2187 3140 2371 3200 fusius
2399 3138 2776 3211 excutiamuS,
2807 3135 3019 3213 quibus

609 3218 1032 3287 idololatricum
1054 3219 1206 3277 hunc
1234 3219 1453 3278 cultum
1480 3220 1775 3278 adstruere
1803 3229 2098 3295 conantur,
2129 3239 2459 3297 quanquam
2505 3218 2840 3275 facillimum
2869 3224 3022 3274 esset

612 3316 809 3354 earum
836 3296 1150 3354 vanitatem
1178 3306 1453 3373 retegere,
1484 3306 1543 3356 et
1570 3318 2046 3357 commemorasse
2073 3319 2172 3357 eas
2197 3298 2478 3357 refutasse
2513 3304 2620 3354 est.
2669 3296 2824 3368 Quid
2867 3295 3020 3353 enim

614 3373 814 3432 afferre
842 3384 1099 3449 possunt,
1130 3376 1287 3451 quod
1306 3383 1527 3433 tantam
1564 3376 1956 3452 dignationem
1987 3378 2142 3435 cruci
2179 3377 2462 3448 conciliet,
2493 3384 2559 3432 ut
2585 3372 2878 3433 adoranda
2899 3374 2975 3433 sit
2993 3377 3022 3433 Ρ

614 3452 715 3510 An
744 3462 1055 3511 contactum
1085 3454 1309 3527 Chatti,
1339 3455 1505 3530 quasi
1530 3475 1636 3531 per
1680 3474 1812 3513 eum
1839 3456 2112 3514 virtutem
2139 3455 2392 3532 aliquam
2419 3462 2520 3512 aut
2545 3454 2908 3513 sanctitatem
2936 3454 3021 3511 in-

612 3532 927 3591 haerentem
967 3533 1249 3607 habuerit‚
1302 3552 1431 3609 quae
1478 3534 1583 3592 tali
1631 3534 1790 3593 cultu
1833 3533 2012 3611 digna
2059 3534 2134 3593 sit
2151 3538 2180 3593 Ῥ
2225 3534 2341 3593 Sed
2381 3534 2496 3592 alia
2523 3534 3024 3593 multa'Christum

614 3612 945 3689 tetigerunt,
997 3632 1125 3690 quse
1173 3613 1392 3672 nullam
1434 3622 1628 3673 tamen
1655 3632 1748 3672 ex
1795 3633 1864 3672 eo
1906 3614 2266 3674 sanctitatem
2309 3614 2613 3688 duxerunt,
2647 3614 2722 3672 ob
2747 3632 2922 3690 quam
2949 3613 3024 3671 ab

614 3692 943 3751 hominibus
990 3692 1259 3770 religiose
1308 3694 1666 3770 colerentur;
1711 3714 1818 3753 nec
1863 3694 2018 3753 ullus
2065 3694 2179 3753 nisi
2205 3694 2614 3753 absurdissime
2641 3694 2871 3766 dixerit,
2901 3712 3024 3751 rem

612 3772 985 3831 inanimatam
1010 3792 1181 3850 posse
1202 3794 1275 3831 ex
1298 3781 1566 3833 contactu
1590 3794 1852 3851 personae
1879 3774 2239 3834 sanctitatem
2267 3775 2519 3851 aliquam
2569 3774 2940 3831 inhaerentem
2966 3780 3029 3830 et

613 3853 860 3912 virtutes
912 3854 1161 3912 morales
1212 3853 1440 3929 habere,
1498 3874 1740 3931 quarum
1787 3864 2050 3933 respectu
2091 3856 2284 3933 aliquo
2331 3856 2491 3913 cultu
2538 3854 2718 3930 digna
2743 3860 3025 3911 censetur.

616 3932 1009 4010 Praeterquam
1054 3933 1211 4010 quod
1256 3934 1367 3992 hoc
1412 3954 1642 3994 crucem
1691 3934 1906 3995 Christi
1951 3944 2177 3995 tantum
2217 3935 2542 4012 respiceret,
2593 3952 2710 3993 non
2745 3931 3029 4007 imagines

616 4013 819 4088 crucis,
869 4012 1081 4090 quibus
1127 4020 1322 4072 tamen
1369 4013 1521 4072 idem
1567 4015 1742 4073 hodie
1791 4016 1976 4074 honor
2018 4015 2288 4074 defertur.
2371 4014 2472 4072 An
2501 4012 2740 4072 afferent
2774 4010 3026 4069 secundo

616 4112 786 4153 usum
812 4093 999 4153 crucis
1020 4092 1095 4151 ad
1130 4092 1581 4171 redemptionem
1608 4095 1922 4170 hominum,
1953 4094 2112 4171 quod
2139 4115 2208 4153 ea
2234 4094 2407 4153 fuerit
2433 4093 2620 4152 electa
2662 4098 2721 4151 et
2747 4092 3029 4149 honorata

616 4192 653 4231 a
680 4173 927 4247 Christo,
956 4180 1023 4231 ut
1050 4180 1204 4233 esset
1246 4174 1425 4233 altare
1468 4174 1750 4249 sacrificii,
1784 4175 1940 4232 scala
1986 4174 2060 4231 ad
2087 4194 2348 4251 regnum,
2381 4182 2439 4232 et
2477 4174 2920 4231 instrumentum
2956 4169 3028 4227 li-

616 4252 928 4313 berationis
954 4261 1183 4326 nostrae,
1215 4272 1329 4330 quo
1357 4253 1670 4313 Diabolum
1697 4254 1955 4312 vinceret
1980 4272 2048 4311 ac
2075 4252 2148 4312 de
2191 4274 2260 4313 eo
2299 4253 2678 4330 triumpharet
2693 4254 2724 4309 P
2768 4250 2863 4308 Sic
2891 4268 3030 4308 sane

618 4332 1002 4391 Bellarminus
1048 4332 1435 4409 ratiocinatur,
1466 4332 1571 4391 sed
1598 4352 1772 4409 quam
1817 4332 2026 4409 frigide
2063 4333 2256 4410 quivis
2293 4333 2472 4392 videt.
2517 4332 2573 4389 N
2575 4348 2668 4389 am
2701 4333 2752 4388 l.
2783 4328 2892 4388 etsi
2918 4329 3031 4388 hoc

619 4408 865 4483 daretur,
896 4429 1011 4468 nou
1040 4411 1263 4471 valeret
1287 4420 1479 4472 tamen
1506 4412 1918 4489 consequentia
1944 4431 2073 4489 quae
2101 4414 2236 4471 hine
2257 4412 2484 4471 elicitur
2510 4412 2584 4469 ad
2602 4408 3029 4485 adorationem;

620 4487 757 4579 quia
780 4487 994 4563 triplici
1020 4490 1131 4549 ista
1156 4492 1353 4567 phrasi
1380 4491 1799 4569 significaretur
1817 4499 2042 4552 tantum
2082 4512 2224 4551 usus
2251 4492 2454 4566 crucis,
2483 4491 2646 4549 nulla
2671 4497 2865 4549 autem
2891 4508 3030 4567 qua-

618 4565 754 4623 htas
780 4566 1081 4643 inhaerens,
1113 4568 1371 4629 adoratio
1398 4580 1589 4631 autem
1637 4572 1879 4632 refertur
1921 4572 1996 4630 ad
2043 4572 2262 4649 aliquid
2311 4590 2428 4629 non
2454 4578 2688 4648 propter
2711 4588 2897 4644 usum,
2929 4568 3034 4627 sed

622 4654 855 4723 propter
884 4653 1103 4705 naturae
1134 4654 1371 4729 ὓπςοκηι
1396 4659 1456 4710 et
1482 4652 1870 4712 eminentiam.
1900 4657 1957 4712 2.
1989 4652 2144 4711 Dist.
2173 4670 2392 4711 crucem
2421 4650 2788 4726 materialem,
2822 4670 2857 4708 a
2885 4668 3030 4725 mys-
