3234 5192
314 325 555 368 msrur.
584 303 749 388 x11.],
888 327 969 370 ns
996 325 1491 368 aristaei-roms
1520 325 1768 369 cnatsrr
1796 289 2254 370 sucessuum
2611 314 2732 376 433

314 474 571 546 paternas
611 467 911 528 luculenta
950 469 1199 530 eduntur
1239 469 1606 548 testimonia;
1653 469 1736 528 Et
1761 487 1900 530 sane
1929 489 1999 529 eo
2028 478 2287 548 spectare
2313 471 2426 532 hoc
2455 471 2570 532 Dei
2595 471 2735 532 effa-

315 555 441 606 tum
470 569 546 606 ex
572 549 703 607 loco
730 549 1025 626 parallelo,
1057 551 1102 609 J
1104 570 1183 608 er.
1212 551 1381 608 xxxi.
1412 553 1507 626 29,
1541 549 1685 609 satis
1711 559 1908 628 aperte
1951 550 2260 630 colligitur,
2305 552 2406 611 ubi
2449 553 2732 632 propheta

315 627 561 705 loquens
590 627 663 687 de
688 629 987 690 beneficiis
1014 630 1155 689 novi
1182 629 1415 689 foederis
1442 629 1593 689 inter
1620 629 1736 688 alia
1762 632 1888 690 haec
1915 630 2107 706 habet,
2155 633 2192 666 ‘⁴
2215 632 2287 690 In
2315 631 2520 691 diebus
2549 633 2727 708 illisf’

314 705 521 785 inquit,
556 710 591 741 “
604 728 722 767 non
744 710 953 786 dicent,
974 710 1469 769 manducaverunt
1490 718 1682 788 patres
1699 729 1872 768 uvam
1891 710 2156 770 acerbam
2175 720 2234 770 et
2255 711 2458 771 dentes
2479 712 2730 770 filiorum

316 788 756 866 obstupuerunt,
788 789 892 849 sed
918 791 1315 868 unusquisque
1342 790 1405 848 in
1432 799 1672 868 peccato
1721 807 1826 849 suo
1867 790 2200 865 morietur,”
2231 789 2339 850 ἃς.
2369 793 2557 850 nimir.
2593 793 2731 871 quia

316 869 405 928 uti
432 869 697 929 solebant
723 871 861 930 trito
888 869 991 929 illo
1020 871 1231 947 adagio
1258 879 1325 930 ut
1352 889 1482 929 cum
1514 869 1644 928 Deo
1671 871 2108 946 expostularent
2139 872 2304 948 quasi
2333 872 2592 932 insontes
2612 872 2726 950 ipsi

315 967 519 1026 poenas
544 950 806 1027 patribus
833 950 1059 1009 debitas
1087 950 1329 1025 luerent,
1360 950 1667 1026 pollicetur
1717 949 1878 1008 Deus
1924 949 2045 1009 fore
2093 959 2160 1010 ut
2209 951 2270 1008 in
2313 950 2528 1011 foedere
2569 971 2726 1011 novo

314 1029 361 1088 J
364 1049 465 1088 ure
493 1030 595 1088 illo
622 1049 743 1089 uon
770 1030 846 1090 sit
872 1049 1099 1106 usurus,
1131 1030 1235 1088 sed
1261 1029 1337 1088 ab
1364 1047 1712 1107 unoquoque
1739 1049 1942 1108 poenas
1968 1031 2192 1108 peccati
2219 1033 2310 1090 sui
2337 1032 2686 1110 repetiturus
2708 1053 2725 1104 ς

316 1109 402 1168 sic
429 1110 585 1168 hunc
612 1110 804 1168 locum
844 1110 1293 1187 interpretantur
1339 1129 1455 1168 non
1502 1110 1674 1188 pauci
1717 1129 1749 1168 e
1777 1111 2090 1186 veteribus,
2138 1111 2402 1170 Tertulli.
2449 1111 2730 1190 imprimis

314 1189 417 1247 lib.
448 1189 521 1247 ii:
537 1189 765 1248 advers.
798 1190 1039 1249 Marcio.
1063 1209 1113 1249 c.
1148 1191 1239 1264 12,
1286 1197 1345 1248 et
1386 1188 1756 1266 Augustinus
1787 1189 2023 1250 Enchir.
2063 1190 2139 1249 ad
2184 1191 2430 1250 Lauren.
2459 1211 2512 1250 e.
2542 1195 2638 1267 46,
2671 1201 2730 1251 et

313 1268 417 1327 lib.
447 1269 528 1326 vi.
578 1277 779 1327 contra
825 1270 870 1328 J
872 1267 1008 1328 ulia.
1052 1288 1177 1346 cap.
1212 1271 1305 1330 13.
1394 1269 1527 1328 Scio
1574 1268 1922 1346 quibusdam
1971 1289 2090 1328 non
2132 1272 2272 1330 satis
2319 1271 2552 1348 probari
2577 1272 2730 1330 hanc

315 1347 705 1406 distinctionis
732 1348 901 1407 istius
948 1349 1553 1424 accommodationem,
1606 1369 1676 1408 eo
1724 1349 1882 1426 quod
1927 1350 2052 1408 hoec
2080 1350 2260 1408 verba
2299 1351 2626 1430 dirigantur
2651 1351 2729 1412 ad

314 1428 527 1506 impios
552 1437 612 1486 et
640 1435 1008 1488 contumaces
1035 1429 1080 1487 J
1082 1428 1279 1488 udaeos
1306 1431 1407 1508 qui
1434 1427 1795 1506 iniquissime
1815 1429 2196 1506 providentiae
2223 1429 2454 1505 divinae,
2485 1432 2728 1508 ejusque

306 1508 549 1586 judiciis
578 1508 1003 1586 obstrepebant,
1036 1527 1103 1567 ac
1129 1529 1235 1586 per
1261 1528 1622 1586 consequens
1650 1528 1766 1567 non
1795 1509 2144 1570 videbantur
2187 1510 2247 1568 in
2293 1529 2366 1569 eo
2415 1529 2542 1569 esse
2571 1519 2728 1571 statu

312 1596 381 1647 ut
409 1607 541 1647 cum
560 1587 702 1666 ipsis
723 1608 799 1648 ex
822 1589 1091 1665 nequitate
1112 1597 1351 1666 paterna
1370 1598 1428 1648 et
1454 1588 1690 1648 foederis
1709 1589 2054 1666 Evangelici
2073 1589 2295 1648 ratione
2315 1609 2489 1667 agere
2510 1590 2690 1650 vellet
2711 1613 2726 1652 ε

312 1667 417 1727 sed
447 1669 752 1746 scrupulus
778 1669 874 1728 hic
902 1668 1069 1728 facile
1097 1669 1387 1745 eximitur,
1412 1688 1545 1727 nam
1572 1677 1956 1746 praeterquam
1977 1669 2136 1748 quod
2151 1688 2321 1728 nemo
2347 1671 2727 1748 pronunciare

314 1767 419 1825 pro
449 1757 605 1807 certo
634 1757 826 1826 potest
869 1748 941 1807 de
992 1757 1147 1808 statu
1194 1751 1437 1808 istorum
1464 1749 1763 1809 hominum
1792 1767 1867 1807 an
1893 1750 2124 1827 reprobi
2153 1769 2352 1808 omnes
2389 1747 2619 1824 fuerint,
2651 1769 2726 1808 an

314 1827 517 1886 fideles
544 1847 690 1905 quos
717 1849 835 1886 non
862 1848 993 1888 raro
1020 1830 1197 1888 etiam
1220 1837 1457 1907 propter
1483 1829 1676 1888 carnis
1720 1829 1996 1907 reliquias
2023 1849 2156 1889 cum
2185 1830 2314 1889 Deo
2353 1830 2724 1907 expostulare

316 1915 579 1984 constat3
624 1908 847 1968 accedit
875 1909 1031 1985 quod
1056 1929 1173 1967 non
1202 1927 1429 1986 semper
1456 1927 1682 1967 summo
1701 1910 1834 1986 jure
1862 1917 2000 1986 agat
2028 1929 2160 1969 cum
2185 1908 2379 1989 impiis
2406 1910 2566 1986 ipsis,
2589 1929 2725 1968 nam

313 1994 376 2045 et
403 1987 453 2046 si
478 2006 597 2046 non
624 1996 997 2046 assumuntur
1024 1987 1099 2046 ad
1126 1987 1389 2046 intimam
1418 1997 1477 2047 et
1504 1989 1810 2064 mysticam
1838 1989 2072 2048 foederis
2143 1990 2339 2048 rat-uiti
2369 1991 2720 2048 communio·

314 2085 465 2142 nem,
496 2068 623 2126 fieri
650 2077 843 2127 tamen
870 2075 1063 2144 potest
1088 2076 1152 2126 ut
1181 2066 1320 2126 dum
1349 2075 1656 2126 versantur
1699 2067 1760 2123 in
1810 2076 2052 2126 externa
2155 2069 2380 2127 cclesias
2429 2070 2720 2146 societate,

317 2146 710 2222 singularibus
758 2145 1105 2223 quibusdam
1132 2145 1206 2204 de
1232 2146 1425 2204 causis
1452 2146 1535 2205 ita
1562 2146 1876 2205 clementer
1901 2167 1936 2204 a
1967 2147 2094 2206 Deo
2122 2156 2455 2220 tractentur,
2485 2155 2552 2206 ut
2577 2166 2722 2206 non·

314 2226 541 2284 nullum
568 2225 711 2302 ipsis
738 2226 941 2302 gratiss
958 2225 1173 2283 divinae
1194 2234 1429 2302 gustum
1450 2234 1510 2284 et
1530 2228 1878 2285 suavitatem
1901 2226 2190 2301 exhibeat,
2211 2227 2336 2285 sive
2355 2233 2422 2285 ut
2442 2226 2517 2285 ad
2536 2227 2720 2322 posui-

315 2305 556 2364 tentiam
578 2305 911 2381 invitentur,
936 2305 1059 2364 sive
1082 2313 1147 2364 ut
1166 2306 1431 2364 testatior
1450 2305 1552 2366 fiat
1571 2325 1772 2365 eorum
1793 2307 2171 2384 contumacia,
2189 2326 2376 2385 eoque
2395 2325 2584 2384 magis
2597 2312 2722 2366 «ἰηι-

316 2383 587 2457 ready-ma
614 2385 946 2461 reddantur,
990 2393 1056 2444 ut
1102 2385 1163 2444 in
1192 2389 1503 2468 προσ-κείρας
1532 2395 1730 2466 patet;
1775 2387 1916 2464 quid
1943 2387 2136 2446 obstat
2163 2407 2303 2464 ergo
2329 2389 2638 2464 quominus
2665 2396 2726 2448 et

314 2466 458 2525 istos
486 2465 729 2526 Judaeos
758 2466 1003 2525 rebelles
1032 2473 1091 2524 et
1118 2477 1485 2527 contumaces
1514 2467 1575 2526 in
1606 2469 1796 2527 Deum
1825 2467 2002 2528 fuisse
2025 2487 2426 2546 agnoscamus,
2447 2477 2506 2526 et
2527 2477 2722 2528 tamen

314 2545 575 2605 dicamus
604 2546 665 2603 in
692 2547 801 2606 hac
826 2567 1005 2606 causa
1034 2546 1221 2606 Deum
1250 2567 1368 2605 non
1396 2541 1472 2608 eit
1501 2548 1742 2626 praeciso
1773 2547 1951 2624 Legis
1978 2549 2186 2625 rigore,
2211 2547 2314 2606 sed
2343 2567 2420 2606 ex
2447 2547 2572 2606 miti
2600 2567 2720 2607 me-

314 2625 477 2685 lioris
504 2625 737 2686 foederis
766 2627 1193 2705 dispensatione
1222 2627 1297 2684 ad
1326 2629 1650 2704 graviorem
1687 2629 1941 2704 ipsorum
1985 2627 2521 2686 condemnationem
2548 2647 2724 2704 agere

316 2706 607 2780 voluisse3
650 2707 735 2765 ita
762 2707 983 2766 scilicet
1011 2715 1077 2765 ut
1102 2707 1265 2764 nulla
1291 2717 1662 2783 paternorum
1709 2716 2076 2783 peccatorum
2124 2714 2506 2783 gravarentur
2533 2707 2720 2784 impu·

312 2787 549 2858 tatione,
582 2785 685 2844 sed
713 2805 945 2844 suorum
972 2793 1197 2844 tantum
1226 2795 1593 2862 peccatorum
1619 2785 2017 2861 unusquisque
2043 2805 2246 2860 poenas
2273 2784 2454 2842 daret.
2539 2786 2721 2844 Caete-

314 2885 444 2924 rum
470 2865 610 2922 licet
636 2875 811 2940 neget
837 2866 933 2923 hic
959 2866 1123 2924 locus
1149 2863 1331 2922 filium
1359 2865 1520 2940 pium
1548 2872 1607 2922 et
1629 2865 1854 2939 justum
1881 2863 2132 2922 laturum
2160 2881 2362 2939 poenas
2399 2861 2724 2938 iniquitatis

315 2952 588 3021 paternae,
622 2943 725 3001 sed
752 2944 1003 3000 animam
1028 2943 1407 3018 peccatricem
1449 2943 1511 2999 in
1552 2959 1613 2999 se
1655 2941 1950 3015 luituram,
1980 2959 2097 2998 non
2125 2949 2303 3016 negat
2329 2949 2524 2998 tamen
2551 2961 2723 3018 posse

316 3022 442 3080 fieri
470 3021 680 3079 vadem
708 3029 767 3080 et
793 3021 1259 3100 propitiationem
1286 3039 1391 3097 pro
1420 3028 1676 3098 peccate,
1695 3020 1793 3078 vel
1808 3027 2110 3097 peccatum
2137 3019 2226 3077 illi
2251 3018 2523 3096 imputari
2550 3039 2720 3098 posse

314 3101 417 3179 qui
445 3101 697 3176 reputari
726 3101 854 3160 vult
879 3119 984 3178 pro
1010 3099 1429 3178 peccatoribus,
1459 3098 1606 3157 illud
1633 3099 1788 3157 enim
1815 3117 1962 3176 opus
1989 3098 2354 3174 estjustitiae,
2384 3098 2523 3157 licet
2543 3101 2720 3178 sequi·

315 3189 437 3242 tate
464 3181 659 3258 aliqua
685 3189 1036 3258 temperatae,
1064 3188 1127 3239 at
1154 3180 1265 3237 hoc
1290 3178 1531 3236 infinitae
1578 3197 1726 3256 opus
1773 3178 2182 3238 misericordiae
2225 3197 2356 3255 quoe
2403 3177 2722 3242 ordinarias

308 3260 663 3340 judiciorum
690 3259 1161 3338 praetergreditur
1185 3258 1478 3335 formulas,
1510 3266 1569 3318 et
1596 3258 1744 3317 nihil
1769 3278 1902 3318 cum
1923 3260 2147 3318 caeteris
2170 3259 2284 3318 Dei
2299 3279 2440 3337 erga
2455 3260 2722 3322 homines

316 3340 843 3420 dispensationibus
868 3340 1045 3399 habet
1070 3357 1391 3398 commune.

399 3421 633 3479 XLVI.
676 3421 733 3480 5.
780 3421 1049 3496 Denique
1076 3427 1143 3479 ut
1168 3419 1357 3478 omnis
1392 3417 1708 3478 cavillandi
1755 3437 1898 3478 ansa
1939 3417 2288 3478 adversariis
2331 3419 2716 3500 praecipiatur,

314 3500 741 3560 observandum
763 3500 980 3559 nullam
999 3499 1095 3558 hie
1116 3499 1291 3558 statui
1306 3502 1628 3576 generalem
1647 3501 1736 3558 vel
1753 3499 2144 3558 immutabilem
2163 3503 2424 3576 regulam
2449 3501 2526 3558 ad
2546 3521 2720 3578 quam

320 3579 482 3640 Deus
508 3580 607 3638 vel
634 3587 767 3638 ante
797 3598 1023 3656 semper
1048 3580 1326 3657 exe-gerit,
1358 3579 1455 3638 vel
1481 3579 1541 3637 in
1569 3587 1866 3657 posterum
1893 3586 2206 3638 exacturus
2249 3581 2328 3639 sit
2373 3579 2568 3638 omnia
2615 3599 2722 3639 sua

311 3659 551 3737 judicia,
582 3660 667 3718 ita
692 3667 757 3718 ut
784 3659 1077 3719 contineat
1100 3668 1439 3737 perpetuum
1460 3657 1750 3736 quendam
1769 3657 1984 3718 divinae
2005 3679 2125 3719 suae
2145 3679 2287 3738 erga
2304 3659 2570 3719 homines
2588 3679 2719 3736 pro·

315 3739 591 3797 videntiae
618 3746 895 3814 tenorem,
924 3759 1057 3798 cum
1098 3739 1311 3817 saepius
1349 3739 1566 3798 factum
1612 3739 1690 3798 sit
1739 3739 1869 3798 Deo
1917 3739 1999 3798 ita
2042 3739 2342 3798 ordinante
2383 3747 2452 3798 ut
2485 3738 2592 3796 filii
2620 3747 2721 3799 aut

320 3818 539 3878 subditi
567 3838 767 3896 poenas
796 3819 1025 3897 Regum
1056 3819 1150 3878 vel
1179 3828 1403 3898 patrum
1432 3819 1691 3894 luerent;
1737 3819 1843 3878 sed
1869 3819 1967 3896 agi
1985 3820 2274 3896 sinqulare
2301 3819 2422 3877 Dea·
2442 3819 2722 3894 negotium

314 3918 449 3957 cum
477 3899 705 3957 Judaeis
732 3899 891 3958 illius
918 3899 1192 3976 temporis
1221 3900 1433 3976 quibus
1460 3900 1571 3958 hoc
1601 3899 1766 3958 Deus
1791 3918 1869 3957 ex
1897 3899 2138 3976 speciali
2164 3897 2354 3975 gratia
2377 3897 2626 3975 largitur
2651 3907 2720 3958 ut

316 3997 390 4037 ne
421 3998 551 4037 cum
580 3977 721 4056 ipsis
748 3987 887 4056 agat
912 3999 989 4038 ex
1016 3980 1119 4038 illo
1141 3980 1386 4057 justitiae
1426 3978 1618 4056 rigore
1661 3997 1834 4058 quem
1873 3977 2158 4037 adversus
2197 3977 2414 4037 multos
2439 3977 2720 4037 hactenus

316 4058 744 4134 observaverat,
773 4068 835 4120 et
862 4079 1035 4136 quem
1063 4060 1207 4118 alias
1234 4057 1695 4137 quandocunque
1736 4058 1918 4117 libere
1959 4076 2228 4116 exercere
2269 4057 2476 4116 merito
2502 4065 2717 4136 posset,

312 4138 419 4198 sed
439 4139 550 4198 hac
575 4140 769 4217 potius
798 4139 958 4217 Lege
984 4159 1117 4198 cum
1145 4139 1263 4198 illis
1288 4138 1664 4216 experiretur,
1695 4145 1760 4197 ut
1777 4139 1828 4197 si
1845 4138 1962 4196 sint
1981 4137 2093 4216 ipsi
2113 4157 2148 4196 a
2162 4137 2416 4215 peccatis
2437 4136 2722 4198 immunes

312 4219 461 4276 nihil
486 4239 673 4296 poenae
711 4219 1005 4297 patiantur
1052 4219 1473 4297 qualiacunque
1519 4218 1734 4277 fuerint
1780 4225 2008 4294 patrum
2057 4235 2288 4276 snorum
2333 4215 2613 4292 crimina;
2655 4225 2724 4276 ut

316 4299 539 4358 scilicet
569 4299 855 4358 Dominus
882 4299 1105 4358 larvam
1134 4299 1294 4358 illam
1342 4299 1415 4356 iis
1464 4297 1764 4356 detrahere
1793 4296 1922 4354 vult
1947 4315 2064 4374 qua
2091 4315 2152 4355 se
2181 4297 2440 4373 aliosque
2469 4296 2718 4375 decipie-

312 4378 457 4438 bant
505 4380 871 4440 sanctitatem
898 4387 959 4438 et
976 4378 1263 4456 justitiam
1308 4377 1597 4455 ejusmodi
1622 4395 1742 4454 prss
1771 4395 1834 4434 se
1861 4375 2096 4436 ferendo
2123 4395 2254 4454 quae
2281 4375 2458 4436 tantis
2485 4377 2718 4437 calami·

312 4459 532 4518 tatibus
559 4460 764 4519 vexari
788 4459 1237 4552 haudquaquam
1262 4465 1593 4532 mereretur,
1618 4456 1832 4534 quibus
1857 4475 1894 4514 a
1919 4455 2120 4515 multis
2140 4457 2262 4534 jam
2289 4455 2460 4516 annis
2485 4457 2718 4518 conflic-

314 4539 423 4596 tati
450 4538 694 4599 fuerant.
726 4539 873 4599 Cum
900 4559 1055 4598 emm
1082 4545 1385 4616 propterea
1409 4537 1573 4615 impii
1599 4535 1864 4596 homines
1889 4555 2022 4595 eum
2043 4536 2275 4615 justitia
2303 4537 2416 4596 Dei
2443 4547 2718 4616 expostu-

315 4615 477 4676 landi
504 4619 865 4698 occasionem
894 4619 1211 4695 arriperent
1238 4617 1404 4696 quasi
1422 4618 1680 4678 insontes
1709 4615 1820 4695 ipsi
1848 4636 2049 4697 poenas
2075 4627 2378 4696 parentum
2405 4619 2718 4682 sceleribus

2358 4702 2394 4758 2
2438 4717 2474 4756 n
