3234 5192
317 355 555 397 msrur.
584 339 741 412 xxa]
924 357 1003 396 1111
1034 356 1527 399 samaraei-roms
1554 356 1799 399 0111111111
1831 340 2150 400 vam-rna.
2616 344 2734 403 647

322 494 437 555 huc
466 496 649 574 aperit
676 496 737 556 in
766 495 959 557 Instit.
986 496 1089 557 lib.
1117 496 1177 557 ii.
1208 517 1258 557 c.
1292 500 1384 574 16,
1416 517 1463 557 s.
1498 501 1611 573 12„
1645 497 1782 557 dum
1811 498 1962 557 inter
1988 497 2106 557 alia
2131 496 2294 557 varia
2319 498 2434 557 huc
2461 498 2732 561 facientia

322 574 434 634 hoc
462 577 825 653 potissimum
865 585 1061 651 notat;
1108 576 1507 654 “Quanquam
1548 577 1627 636 ad
1665 586 2018 637 momentum
2062 596 2189 637 sese
2232 578 2610 639 occultaverit
2637 581 2728 640 vis

324 656 577 732 spiritus,
622 665 689 716 ut
730 656 922 715 locum
966 656 1285 716 infirmitati
1323 658 1511 717 carnis
1552 656 1798 733 cederet,
1847 656 2145 717 sciendum
2184 666 2378 716 tamen
2422 666 2511 717 est
2552 660 2728 721 talem

322 734 500 795 fuisse
536 736 912 795 tentationem
940 756 1017 795 ex
1044 737 1259 796 doloris
1286 746 1473 797 metus
1502 757 1677 797 sensu
1703 757 1832 814 quae
1870 757 2000 795 cum
2029 736 2144 795 fide
2169 756 2287 795 non
2313 747 2614 815 pugnaret,
2649 740 2730 798 Et

320 814 433 874 1100
460 816 632 875 1110ᾶο
660 816 959 893 impletum
987 826 1077 877 est
1102 817 1261 893 quod
1288 817 1529 876 habetur
1556 818 1615 873 in
1645 816 1919 875 concione
1951 814 2124 892 Petri,
2164 837 2281 875 non
2308 816 2564 895 potuisse
2594 838 2726 879 eum

318 896 505 954 teneri
532 915 569 953 a
594 895 889 955 doloribus
916 897 1135 972 mortis,
1167 896 1304 973 quia
1331 916 1393 956 se
1421 896 1588 973 quasi
1609 896 1944 955 derelictum
1974 917 2009 954 a
2038 897 2166 955 Deo
2194 897 2464 971 sentienS,
2495 918 2567 956 ne
2596 907 2724 957 tan·-

320 974 511 1035 tillum
539 976 773 1053 quidem
801 974 1041 1035 deflexit
1066 997 1102 1035 a
1128 976 1619 1061 bonitatislhujus
1659 976 1904 1051 fiducia3
1951 974 2121 1051 Quod
2156 976 2325 1037 docet
2351 977 2594 1036 celebris
2622 978 2724 1037 illa

320 1052 629 1131 invocatio,
656 1056 717 1113 in
744 1076 859 1132 qua
884 1076 1003 1132 prae
1031 1055 1249 1115 doloris
1270 1056 1636 1115 vehementia
1656 1056 1946 1132 clamavit,
1967 1057 2129 1117 Deus
2150 1076 2331 1133 meus,
2357 1056 2518 1117 Deus
2539 1076 2719 1133 meus,

320 1134 529 1211 ecquid
558 1136 914 1213 dereliquisti
942 1156 1033 1195 me
1050 1138 1079 1195 Ρ
1126 1136 1275 1195 Nam
1302 1137 1415 1195 etsi
1441 1156 1615 1214 supra
1641 1136 1876 1197 modum
1913 1138 2162 1214 angitur,
2205 1157 2322 1195 non
2351 1145 2542 1195 tamen
2569 1136 2720 1197 desi·-

320 1214 408 1273 nit
434 1234 645 1275 vocare
673 1215 865 1275 Deum
902 1236 1071 1275 suum
1112 1235 1149 1273 a
1188 1236 1303 1294 quo
1332 1236 1394 1277 se
1422 1216 1759 1277 derelictum
1788 1216 2133 1275 exclamat.”
2201 1216 2296 1275 Sic
2316 1216 2547 1275 Catech.
2579 1228 2720 1278 sect.

322 1295 415 1368 10,
461 1293 789 1368 “Quamvis
816 1304 977 1355 metu
1003 1304 1325 1372 angeretur,
1344 1316 1413 1355 ac
1434 1316 1579 1375 pene
1608 1296 1801 1355 animo
1829 1295 2172 1371 concideret,
2195 1316 2355 1375 spem
2382 1306 2574 1355 tamen
2601 1316 2720 1374 prae

318 1373 485 1449 gravi
512 1374 613 1433 illo
643 1394 883 1435 moerore
919 1395 1037 1434 non
1064 1376 1297 1453 abjicit:
1338 1376 1583 1453 ideoque
1623 1396 1833 1435 moeror
1859 1376 1960 1435 ille
1985 1376 2184 1435 multis
2211 1375 2398 1435 modis
2426 1375 2618 1437 differt
2645 1378 2720 1436 ab

316 1452 420 1511 illa
446 1455 738 1515 anxietate
766 1475 941 1533 quam
966 1456 1029 1513 in
1056 1456 1408 1515 conscientia
1434 1456 1650 1515 habent
1671 1464 2016 1533 peccatores,
2048 1477 2084 1514 a
2109 1456 2320 1532 quibus
2349 1457 2512 1515 Deus
2539 1456 2720 1517 iratus

316 1550 519 1609 poenas
558 1536 824 1612 reposcit,
872 1535 1011 1613 quia
1035 1535 1191 1612 quod
1219 1536 1278 1593 in
1305 1555 1376 1594 eo
1403 1536 1810 1613 temporarium
1836 1534 1962 1610 fuit,
2009 1537 2071 1593 in
2097 1535 2214 1594 illis
2243 1543 2331 1595 est
2357 1544 2716 1613 perpetuum,

317 1621 377 1673 et
420 1613 576 1690 quod
621 1634 753 1673 eum
794 1615 981 1675 aculei
1023 1615 1323 1693 cujusdam
1366 1616 1547 1675 instar
1582 1616 1848 1693 pupugit,
1887 1614 2005 1675 illis
2044 1614 2303 1673 mortifer
2341 1615 2572 1693 gladius
2610 1626 2717 1677 est.

320 1690 439 1751 Sed
465 1694 621 1770 quod
647 1696 1018 1772 praecipuum,
1050 1696 1313 1754 Christus
1338 1695 1402 1754 in
1431 1696 1559 1755 Deo
1584 1716 1740 1773 spem
1765 1695 1978 1755 habere
2005 1714 2122 1754 11011
2150 1694 2340 1772 desiit,
2388 1715 2720 1773 quanquam

314 1772 687 1833 vehementer
733 1794 1145 1852 expavescens,
1196 1782 1256 1835 et
1294 1775 1357 1833 in
1404 1796 1678 1853 angorem
1729 1794 2014 1835 summum
2058 1772 2342 1851 redactus,
2389 1786 2722 1854 peccatores

314 1862 509 1911 autem
556 1872 703 1931 quos
749 1856 911 1915 Deus
954 1854 1313 1929 condemnat,
1364 1854 1438 1915 de
1482 1856 1664 1933 ipsius
1707 1855 2116 1915 benevolentia
2159 1854 2545 1933 desperantes,
2591 1865 2728 1915 tan--

314 1933 613 1992 tummodo
640 1934 919 1993 adversus
957 1954 1089 1993 eum
1122 1934 1427 1994 manifesto
1468 1936 1735 2010 fremunt,
1781 1943 1840 1994 et
1866 1934 2254 2013 blasphemias
2273 1936 2558 2013 jactant.”
2615 1936 2718 1995 An

312 2012 414 2087 qui
460 2013 543 2072 ita
590 2012 847 2091 loquitur
892 2013 1350 2091 desperationem
1399 2014 1630 2075 Christo
1678 2014 1950 2075 tribuisse
1991 2014 2271 2073 dicendus
2314 2016 2409 2087 sit,
2449 2014 2718 2093 judicent

312 2110 531 2229 omlnieff
562 2170 733 2229 Bezse
760 2192 879 2230 non
904 2171 1019 2231 alia
1044 2191 1207 2231 mens
1235 2178 1340 2231 est.
1392 2171 1541 2229 Nam
1568 2170 1632 2229 in
1661 2171 1871 2231 Matth.
1895 2170 2081 2230 xxvii.
2111 2174 2208 2246 46,
2239 2171 2384 2229 nihil
2411 2172 2484 2231 de
2513 2172 2714 2251 despe-

310 2250 534 2309 ratione
562 2250 755 2325 habet,
785 2270 972 2328 neque
998 2252 1189 2309 locum
1218 2251 1409 2328 ipsum
1438 2250 1623 2310 fusius
1651 2252 1920 2329 explicat,
1946 2250 2049 2309 sed
2077 2251 2153 2309 ad
2178 2252 2368 2309 locum
2401 2252 2554 2311 Heb.
2585 2271 2643 2311 v.
2676 2258 2712 2314 7

312 2330 571 2405 remittit,
606 2329 709 2389 ubi
736 2350 855 2389 rem
884 2338 1064 2391 totam
1094 2339 1373 2391 executus
1402 2338 1493 2389 est
1519 2330 1884 2407 solidissime,
1929 2330 2032 2391 sed
2060 2341 2338 2409 quantum
2367 2331 2614 2392 abfuerit
2641 2334 2716 2392 ab

313 2428 398 2483 ea,
429 2430 559 2487 quae
586 2410 673 2469 illi
702 2411 971 2471 tribuitur
998 2412 1283 2488 opinione,
1328 2410 1538 2471 docent
1563 2410 1745 2470 verba
1771 2432 1902 2489 quae
1931 2412 2039 2471 sub
2079 2410 2250 2471 finem
2294 2411 2714 2473 dissertationis

311 2490 549 2567 adjicit:
588 2494 624 2523 ‘⁶
647 2491 869 2551 Verum
907 2491 971 2550 111
1010 2492 1102 2551 his
1144 2492 1412 2551 omnibus
1450 2490 1575 2551 11000
1610 2490 1726 2557 duo
1753 2500 2068 2566 teneamuS,
2100 2492 2210 2551 ista
2235 2492 2508 2551 videlicet
2536 2512 2652 2551 non
2680 2513 2717 2552 a

310 2568 629 2631 diffidentia
655 2572 791 2647 ulla,
836 2571 939 2631 sed
964 2592 1003 2631 a
1026 2571 1245 2630 doloris
1271 2572 1780 2631 vehementissimo
1809 2592 1981 2632 sensu
2009 2572 2328 2650 proficisci3
2375 2572 2602 2633 Deinde
2629 2574 2715 2633 sic

310 2651 759 2711 considerandas
784 2672 913 2711 esse
942 2652 1203 2729 singulas
1243 2652 1419 2731 hujus
1458 2652 1703 2711 actionis
1743 2660 1953 2729 parteS,
1996 2661 2064 2711 ut
2103 2672 2178 2711 ex
2217 2652 2333 2711 fine
2375 2652 2447 2711 de
2487 2672 2550 2711 re
2591 2660 2715 2713 tota

312 2740 648 2808 statuamus,
678 2752 865 2809 neque
894 2732 1047 2791 enim
1075 2732 1137 2790 in
1164 2732 1267 2791 illa
1292 2732 1646 2807 cogitatione
1676 2729 1832 2810 (quas
1859 2740 2052 2789 tamen
2081 2739 2139 2789 et
2165 2732 2309 2809 ipsa,
2339 2740 2405 2791 ut
2431 2731 2572 2806 dixi,
2603 2732 2714 2791 fuit

310 2812 499 2868 omnis
538 2811 761 2887 pcccati
802 2820 861 2869 01
898 2812 1025 2869 vitii
1066 2808 1299 2889 expers)
1330 2812 1413 2869 ita
1440 2810 1624 2884 haesit,
1669 2810 1810 2885 quin
1838 2826 1974 2868 mox
2003 2809 2222 2869 invicta
2249 2830 2380 2887 spes
2408 2810 2572 2868 illum
2601 2813 2710 2869 eri-

308 2898 487 2964 geret,
514 2889 678 2947 Idem
709 2890 861 2947 enim
890 2890 990 2967 qui
1016 2890 1332 2966 perculsus,
1350 2888 1503 2963 Quid
1524 2888 1730 2961 dicam,
1749 2888 1954 2964 inquit,
1979 2889 2161 2947 libera
2187 2908 2279 2948 me
2309 2908 2384 2947 ex
2409 2888 2520 2947 hac
2547 2890 2706 2967 hora,

308 2967 509 3025 eodem
540 2976 737 3027 tenore
768 2969 1019 3046 subjicit,
1069 2968 1187 3027 Sed
1212 2976 1515 3045 propterea
1541 2967 1678 3025 veni
1717 2967 1780 3023 in
1821 2967 1970 3025 hanc
2009 2968 2245 3041 horam;
2290 2966 2403 3041 Qui
2429 2976 2518 3026 ter
2545 2969 2706 3047 petit,

308 3046 483 3105 Pater
502 3046 748 3106 transfer
774 3068 811 3106 a
836 3068 927 3106 me
956 3048 1193 3106 calicem
1220 3048 1391 3121 hunc,
1422 3045 1602 3122 addit,
1627 3046 1759 3104 Fiat
1785 3045 1942 3123 quod
1970 3053 2034 3105 tu
2062 3047 2186 3121 vis3
2220 3046 2334 3119 Qui
2361 3046 2710 3107 vociferatur

306 3146 369 3185 se
398 3126 753 3202 derelictum,
782 3136 977 3187 tamen
1006 3127 1213 3202 Deum,
1246 3126 1435 3185 Deum
1474 3145 1644 3183 suum
1685 3125 2048 3203 compellat.’'
2133 3124 2302 3201 Quod
2342 3127 2393 3185 si
2433 3126 2508 3185 ad
2549 3127 2706 3205 ipsos

306 3205 695 3266 Adversarius
724 3206 921 3265 oculos
958 3215 1292 3265 convertere
1319 3206 1617 3281 vellemus,
1650 3215 1866 3284 quanto
1885 3204 2100 3284 justior
2125 3216 2280 3265 esset
2307 3227 2406 3266 eos
2434 3227 2502 3266 ca
2604 3208 2708 3269 ndi

306 3286 549 3360 occasi0,
573 3288 673 3365 qui
698 3288 875 3364 longe
902 3284 1101 3346 durius
1127 3286 1237 3344 hac
1263 3286 1327 3343 in
1352 3295 1514 3363 parte
1544 3295 1602 3345 01
1632 3285 1874 3345 Calvino
1902 3294 1962 3345 et
1991 3286 2148 3345 Beza
2165 3286 2345 3345 locuti
2373 3295 2525 3363 sunt,
2589 3289 2702 3365 ide,

304 3367 403 3442 sis,
450 3366 709 3427 Maldon.
740 3368 802 3425 in
830 3367 1039 3426 Matth.
1070 3366 1277 3440 xxvii„
1308 3366 1523 3427 Ferum
1551 3366 1611 3424 in
1641 3366 1884 3425 eundem
1914 3366 2124 3443 locum,
2157 3366 2448 3426 Cusanum
2477 3368 2548 3427 de
2577 3389 2704 3427 cru-

303 3447 549 3507 ciatibus
578 3447 809 3521 Christi,
844 3446 1045 3505 Atiam
1074 3446 1337 3507 Montan.
1380 3446 1453 3506 de
1492 3446 1760 3524 passione
1790 3446 2005 3506 Christi
2043 3446 2107 3505 in
2145 3445 2332 3524 horte,
2377 3448 2478 3507 lib.
2508 3468 2586 3525 v.,
2632 3449 2705 3508 de

302 3547 499 3605 regen.
528 3527 703 3599 Ada.,
734 3548 783 3588 c.
809 3530 903 3601 23,
935 3534 995 3585 et
1021 3526 1167 3585 alios
1192 3546 1309 3585 non
1335 3546 1567 3604 paucos.

382 3606 539 3666 XII.
588 3608 704 3667 Sed
742 3626 777 3667 0
817 3606 1160 3666 diverticulo
1203 3606 1263 3664 in
1299 3606 1474 3666 viam.
1522 3606 1736 3665 Contra
1774 3606 2204 3683 responsionem
2237 3616 2492 3667 nostram
2519 3608 2704 3667 multa

301 3695 587 3764 reponunt
614 3686 973 3747 Adversarii.
1034 3690 1109 3746 1⁰.
1146 3686 1208 3743 Si
1235 3706 1438 3745 verum
1466 3693 1618 3745 esset
1648 3686 1917 3745 Personae
1953 3685 2295 3745 infinitatem
2336 3685 2412 3744 ad
2450 3686 2702 3745 infinita-

299 3774 417 3826 tem
458 3786 643 3844 poenae
686 3767 1015 3841 contulisse,
1054 3774 1390 3844 sequeretur
1428 3786 1567 3843 ergo
1608 3766 1905 3824 levissima
1945 3766 2141 3843 aliqua
2169 3786 2340 3844 poena
2367 3765 2440 3823 de
2471 3764 2702 3827 Christo

300 3856 529 3924 sumpta
548 3846 593 3905 J
596 3846 807 3907 ustitiae
830 3847 943 3905 Dei
970 3846 1236 3905 satisfieri
1264 3846 1536 3923 potuisse,
1564 3852 1634 3904 ut
1653 3861 1769 3903 non
1797 3864 2031 3905 necesse
2059 3845 2231 3904 fuerit
2257 3854 2375 3904 tam
2403 3844 2544 3903 diris
2573 3866 2701 3905 cru-

299 3926 545 3985 ciatibus
574 3946 703 3985 011111
732 3926 910 4003 affligi
934 3950 949 3986 :
991 3946 1125 3984 nam
1164 3936 1223 3986 01
1258 3925 1569 3985 levissimas
1606 3944 1792 4002 poenae
1825 3924 1936 3984 hoc
1962 3925 2190 4003 pondus
2217 3925 2291 3983 ab
2319 3932 2532 3984 00101110
2562 3925 2700 3984 Dci-

298 4015 417 4067 tate
444 4004 581 4065 addi
608 4008 899 4084 potuisse3
948 4006 1044 4067 Sic
1077 4006 1338 4065 Socinus.
1402 4004 1591 4065 Addit
1618 4004 1937 4064 Gittichius
1969 4014 2170 4065 contra
2197 4004 2458 4080 Lucium,
2495 4004 2558 4064 Si
2583 4024 2704 4065 una

299 4086 599 4163 sanguinis
626 4095 794 4163 gutta
819 4086 929 4147 fuit
956 4085 1261 4161 sufficiens,
1296 4094 1531 4146 caeteras
1558 4084 1736 4145 fuisse
1764 4082 1975 4144 frustra
2003 4084 2230 4159 effusas,
2267 4093 2325 4143 et
2353 4084 2543 4143 Deum
2571 4105 2695 4145 cru·

298 4164 655 4225 delissimum
684 4166 860 4227 fuisse
888 4166 989 4244 qui
1014 4166 1147 4243 plus
1174 4166 1541 4244 requisiverit
1568 4185 1740 4242 quam
1769 4164 2104 4225 debebatur.
2150 4164 2358 4243 ,Resp.,
2383 4165 2532 4241 Neg.
2562 4185 2696 4223 con-

299 4266 421 4324 seq.
442 4246 591 4305 Nam
620 4247 730 4306 etsi
757 4246 1030 4323 quaslibet
1058 4246 1249 4324 passio
1269 4245 1482 4305 Christi
1510 4244 1777 4305 habuerit
1795 4244 2053 4303 valorem
2079 4242 2367 4303 infinitum
2394 4245 2696 4320 subjective,

298 4327 423 4387 sola
450 4335 643 4385 tamen
676 4346 831 4385 mors
858 4348 895 4385 a
922 4326 1082 4403 Lege
1121 4325 1465 4385 denunciata
1497 4314 1702 4383 habuit
1727 4323 1982 4383 valorem
2012 4322 2298 4383 infinitum
2326 4324 2582 4400 objectiva
2607 4346 2696 4385 re-

298 4416 499 4484 spectu
510 4406 731 4485 judicis
757 4406 1073 4484 infligentis
1096 4428 1109 4482 ;
1156 4404 1300 4465 Ideo
1326 4404 1599 4464 minimus
1628 4404 1914 4463 cruciatus
1944 4403 2160 4463 Christi
2185 4404 2282 4463 vel
2309 4405 2540 4481 guttula
2566 4425 2694 4465 san·

296 4488 489 4567 guinis
516 4506 633 4546 non
662 4487 851 4563 potuit
876 4485 1137 4546 sufficere
1164 4485 1239 4543 ad
1266 4484 1498 4563 plenam
1520 4483 1985 4558 satisfactionem,
2011 4484 2147 4561 quia
2165 4504 2282 4542 non
2301 4483 2506 4545 habuit
2525 4486 2698 4547 ratio-

293 4589 427 4630 nem
454 4566 749 4627 maledicti
776 4575 836 4626 01
860 4585 1046 4645 poenae
1072 4573 1310 4643 peccato
1337 4562 1758 4643 respondentis.
1809 4562 2044 4638 Quaevis
2063 4564 2356 4642 perpessio
2386 4564 2700 4627 satisfactio

294 4669 411 4711 non
438 4657 545 4726 est,
574 4646 843 4725 quamvis
872 4646 1100 4707 infinita
1123 4644 1375 4725 patiatur
1400 4664 1666 4723 persona,
1705 4642 1810 4703 sed
1837 4664 1906 4705 ea
1932 4644 2164 4705 demum
2192 4665 2322 4722 quse
2349 4647 2699 4717 conveniens
