3234 5192
520 327 638 385 388
1070 341 1150 382 ns
1178 341 1657 384 suist-aerioma
1685 341 1922 384 cameri
1949 341 2372 386 secessim-rs.
2555 320 2818 406 [nisi-ur.
2847 345 2934 388 xi.

520 483 800 559 exhiberi,
824 502 956 561 quse
977 483 1398 561 Sattbsaetiones
1428 484 1732 545 Canonicae
1757 484 2114 560 dicebantur,
2145 493 2206 545 et
2231 485 2293 543 in
2320 484 2444 545 foro
2463 492 2706 545 externo
2729 487 2932 546 Eccle-

520 565 621 624 siae
649 563 953 624 dabantur.
1038 565 1134 622 Ex
1161 565 1373 643 quibus
1412 572 1589 642 patet,
1620 572 1687 623 ut
1712 565 1823 624 hoc
1851 564 2038 624 obiter
2064 564 2341 641 dicamus,
2371 584 2546 643 quam
2565 565 2796 625 ridiculi
2817 567 2936 626 sint

523 643 816 703 Pontificii
843 643 983 703 dum
1022 653 1250 722 patrum
1274 645 1407 704 loca
1445 664 1575 722 quae
1618 644 1692 703 de
1731 644 2059 704 istiusmodi
2087 644 2576 704 satisfactionibus
2615 645 2933 723 loquuntur

520 724 598 782 ad
638 724 1094 784 satisfactionum
1116 743 1347 784 suarum
1373 723 1471 783 vel
1498 725 1856 802 propriarum
1883 723 1983 783 vel
2008 724 2324 784 alienarum
2372 733 2758 784 commentum
2799 745 2930 803 pro-

520 804 775 864 bandum
802 805 1029 863 trahere
1056 813 1351 880 conantur,
1396 824 1528 864 cum
1568 812 1764 864 tamen
1791 811 2018 864 constet
2041 803 2217 883 longe
2244 805 2417 864 aliam
2463 824 2592 864 esse
2629 803 2786 884 apud
2824 807 2933 865 hos

521 892 581 943 et
620 883 753 944 illos
782 884 943 943 vocis
970 884 1139 943 istius
1168 883 1664 962 significationem.

602 964 688 1023 X.
735 963 1002 1023 Secundo
1031 982 1171 1023 vero
1212 983 1387 1024 sensu
1414 983 1545 1023 cum
1587 963 1904 1024 satisfactio
1930 983 2036 1042 pro
2081 964 2365 1025 solutione
2393 965 2656 1043 sumitur,
2684 985 2803 1025 non
2840 974 2935 1026 est

520 1043 862 1121 cujusquam
902 1045 1221 1122 peccatoris
1251 1044 1377 1103 Deo
1420 1043 1766 1121 satisfacere,
1798 1044 1978 1104 solius
2007 1045 2220 1104 Christi
2255 1046 2368 1105 hoc
2395 1054 2485 1105 est
2509 1047 2804 1125 proprium
2831 1046 2934 1124 qui

520 1143 625 1201 pro
646 1124 897 1203 peccatis
922 1124 1135 1183 nostris
1164 1122 1333 1205 λῖη-ςον
1373 1125 1437 1182 in
1476 1144 1646 1185 cruce
1671 1125 1971 1202 persolvit,
2001 1133 2061 1184 et
2087 1125 2417 1185 obedientia
2451 1145 2637 1204 usque
2665 1125 2742 1185 ad
2779 1145 2932 1186 mor-

520 1212 638 1264 tem
684 1205 796 1264 Dei
826 1203 1073 1283 justitiae
1098 1205 1269 1282 plene
1296 1204 1611 1280 satisfecit3
1660 1205 1738 1264 Et
1772 1205 1898 1263 hoee
1919 1213 2010 1264 est
2049 1205 2395 1282 significatio
2422 1206 2598 1284 hujus
2643 1207 2758 1266 loci
2799 1226 2934 1284 pro-

522 1284 648 1361 pria
676 1305 808 1345 eum
835 1285 909 1344 de
936 1286 1329 1361 Satisfactione
1358 1285 1573 1345 Clu-2:³12·
1597 1284 1976 1362 disputamus.
2063 1285 2177 1344 Per
2203 1305 2330 1344 eam
2357 1284 2572 1364 quippe
2599 1287 2746 1345 nihil
2773 1287 2934 1348 aliud

518 1365 899 1442 intelligimus
926 1385 1099 1443 quam
1117 1365 1501 1425 voluntariam
1530 1365 1748 1424 Christi
1761 1365 2074 1446 θιιινθςόπου
2087 1365 2474 1426 obedientiam
2501 1375 2561 1426 et
2585 1367 2930 1446 passionem,

520 1463 636 1522 qua
680 1446 933 1524 seipsum
976 1446 1189 1506 obtulit
1237 1446 1364 1504 Deo
1404 1465 1511 1524 per
1553 1445 1832 1521 Spiritum
1861 1452 2138 1504 aeternum
2180 1445 2242 1503 in
2283 1445 2626 1506 sacrificium
2653 1449 2928 1522 iamt-232,

522 1533 589 1584 ut
626 1545 734 1604 pro
762 1526 931 1585 nobis
956 1525 1225 1603 impleret
1264 1545 1433 1584 omne
1476 1524 1656 1601 Legis
1683 1525 2054 1602 postulatum,
2099 1532 2158 1583 et
2183 1541 2385 1583 omnes
2412 1545 2614 1602 poenas
2631 1546 2708 1585 ex
2730 1527 2931 1585 ordine

522 1603 737 1662 divinae
778 1605 1037 1665 Justitiae
1076 1605 1247 1664 nobis
1286 1604 1514 1664 debitas
1555 1604 1615 1661 in
1643 1623 1706 1663 se
1733 1611 2124 1679 transumptas
2163 1611 2436 1680 tanquam
2465 1604 2773 1682 fidejussor
2797 1623 2929 1664 nos-

522 1691 611 1742 ter
650 1684 870 1760 lueret;
914 1692 1088 1761 atque
1114 1684 1199 1744 ita
1223 1682 1628 1761 propitiatione
1669 1681 2087 1760 perfectissima
2125 1700 2230 1759 pro
2255 1683 2509 1759 peccatis
2543 1684 2756 1744 nostris
2783 1704 2928 1761 prae-

522 1763 677 1839 stita,
706 1763 1104 1822 liberationem
1132 1783 1169 1822 a
1208 1771 1389 1821 morte
1418 1769 1477 1822 et
1502 1761 1925 1837 maledictione,
1971 1759 2256 1839 simulque
2285 1761 2386 1839 jus
2426 1760 2503 1820 ad
2541 1763 2724 1822 vitam
2767 1773 2930 1824 aster-

521 1861 657 1901 nam
700 1841 1129 1902 absolutissima
1166 1841 1211 1902 J
1212 1841 1413 1900 ustitia
1452 1860 1557 1900 sua
1590 1840 1762 1900 nobis
1785 1840 2125 1918 acquireret.
2211 1839 2384 1901 Unde
2411 1851 2640 1903 constat
2667 1843 2742 1903 ad
2782 1844 2933 1905 hane

527 1922 993 1982 Satisfactionem
1020 1929 1144 1980 tum
1172 1922 1416 1980 actiones
1455 1929 1579 1981 tum
1598 1921 1894 1998 passiones
1937 1919 2152 1980 Christi
2175 1940 2512 1982 concurrere
2553 1923 2767 2000 quibus
2807 1925 2928 2002 ple-

520 2003 757 2061 nissime
796 2002 989 2080 legem
1040 2001 1321 2078 implevit,
1377 2009 1502 2061 tum
1542 1999 1808 2060 faciendo
1834 2021 1964 2079 quoe
2011 1999 2274 2078 jubebat,
2303 2009 2428 2062 tum
2475 2003 2748 2082 patiendo
2801 2025 2934 2082 quae

520 2081 1014 2142 interminabatur.
1060 2082 1207 2140 Cum
1249 2080 1401 2139 enim
1430 2089 1738 2159 utrumque
1763 2081 1840 2140 ab
1866 2081 2098 2140 homine
2143 2089 2446 2159 peccatore
2472 2084 2572 2143 lex
2617 2085 2936 2163 requireret

524 2170 583 2222 et
607 2172 915 2240 utrumque
944 2161 1019 2221 ad
1044 2161 1357 2239 perfectam
1386 2161 1632 2221 salutem
1659 2160 2046 2221 necessarium
2087 2169 2259 2238 esset,
2289 2171 2598 2242 utrumque
2625 2165 2800 2224 etiam
2826 2185 2932 2245 pro

522 2243 693 2302 nobis
718 2243 861 2302 solvi
883 2242 959 2300 ab
986 2242 1112 2319 ipso
1140 2240 1358 2316 debuit,
1388 2249 1455 2301 ut
1480 2241 1542 2300 in
1582 2261 1654 2301 eo
1681 2241 1997 2319 perfectum
2025 2239 2282 2319 δικαίωμα
2306 2244 2650 2304 haberemus
2671 2265 2787 2324 quo
2815 2265 2932 2305 non

523 2322 697 2381 modo
723 2322 1123 2400 impunitatem
1162 2328 1430 2399 respectu
1468 2339 1770 2399 poenarum
1811 2340 1848 2381 a
1894 2323 2190 2382 sanctione
2240 2323 2418 2401 Legis
2459 2323 2933 2385 denunciatarum

522 2420 1019 2480 consequeremur,
1051 2401 1156 2460 sed
1182 2409 1243 2460 et
1268 2401 1517 2480 positive
1538 2401 1641 2479 jus
1665 2401 1806 2460 vitae
1833 2409 2062 2460 oeternae
2087 2421 2261 2478 quam
2287 2402 2632 2464 facientibus
2675 2405 2774 2464 lex
2799 2425 2932 2482 pro—

522 2481 704 2542 mittit
742 2481 1221 2559 adipisceremur3
1267 2481 1433 2540 Licet
1478 2487 1674 2540 autem
1713 2481 1842 2540 haec
1881 2481 2098 2540 Christi
2145 2480 2461 2541 satisfactio
2501 2482 2564 2540 in
2605 2492 2788 2543 morte
2829 2503 2931 2562 po-

522 2561 811 2622 tissimum
838 2561 1159 2637 eminuerit,
1188 2560 1345 2620 unde
1370 2561 1460 2620 illi
1498 2561 1561 2619 in
1614 2560 1900 2638 scriptura
1947 2579 2100 2638 soepe
2128 2561 2286 2620 salus
2331 2569 2392 2621 et
2415 2561 2738 2640 redemptio
2785 2565 2935 2625 solet

522 2642 699 2702 tribui
724 2645 965 2719 synecd„
994 2643 1133 2720 quia
1158 2641 1267 2702 fuit
1314 2640 1580 2702 cumulus
1606 2647 1668 2700 et
1709 2659 1924 2700 corona
1949 2641 2075 2718 ejus
2119 2640 2479 2718 obedientiae,
2525 2640 2604 2700 ad
2636 2650 2818 2702 totam
2845 2653 2933 2704 ta·

524 2741 658 2782 men
682 2723 867 2782 vitam
906 2721 1275 2782 extendenda
1302 2729 1391 2781 est
1417 2722 1479 2780 in
1498 2740 1615 2798 qua
1645 2719 1909 2781 Christus
1947 2720 2236 2798 justitiam
2283 2739 2512 2781 omnem
2558 2722 2840 2802 implevit,
2871 2733 2932 2784 et

523 2803 607 2862 sie
635 2800 909 2863 merendo
936 2802 1216 2863 satisfecit
1242 2809 1303 2862 et
1330 2800 1736 2861 satisfaciendo
1756 2800 1983 2861 meruit.

604 2882 726 2943 XI.
770 2883 1049 2959 Quamvis
1076 2901 1217 2942 vero
1240 2881 1638 2956 satisfactionis
1684 2900 1805 2940 vox
1849 2880 2090 2960 praecise
2133 2881 2220 2940 sic
2246 2889 2477 2960 sumpta
2517 2881 2710 2960 quoad
2751 2884 2935 2944 verba

524 2963 601 3023 sit
626 2961 707 3036 ἔγ
734 2977 877 3041 σφας,
907 2971 1101 3023 tamen
1130 2962 1545 3040 aequivalenter
1570 2970 1632 3021 et
1649 2963 1790 3021 κατὰ
1815 2966 1872 3021 τὶ
1899 2985 2126 3043 reolus
2145 2962 2208 3019 in
2227 2961 2526 3040 scripturis
2553 2981 2706 3039 saepe
2735 2983 2932 3024 occur-

522 3044 638 3103 rit:
738 3064 831 3103 am
858 3063 1035 3103 voces
1060 3051 1185 3104 tum
1212 3043 1274 3100 in
1302 3042 1379 3102 V.
1408 3051 1533 3102 tum
1556 3041 1632 3100 N.
1661 3043 1728 3101 T.
1773 3041 2162 3119 ἰπὶυκμοῦηις
2179 3043 2580 3119 reperiuntur-3
2609 3042 2672 3102 in
2699 3043 2776 3102 V.
2806 3044 2932 3121 qui·

524 3123 656 3182 dem
678 3123 748 3182 T.
776 3140 877 3180 ππ
908 3131 967 3182 et
983 3143 1122 3198 prun,
1154 3121 1347 3181 Exod.
1376 3123 1501 3181 xiii.
1534 3124 1628 3198 13,
1661 3121 1817 3182 Psal.
1839 3123 1988 3182 xlix.
2013 3127 2069 3198 7,
2089 3123 2145 3196 8,
2169 3145 2256 3185 *ass
2273 3130 2334 3180 et
2351 3139 2456 3198 aas,
2479 3121 2669 3181 Exod.
2688 3124 2812 3182 xxi.
2831 3126 2930 3183 30.

525 3202 716 3260 Levit.
748 3205 871 3262 xvi.
903 3205 999 3277 30,
1028 3201 1185 3262 unde
1211 3200 1337 3261 dies
1378 3223 1523 3263 omns
1550 3201 1692 3278 quia
1732 3201 1794 3260 in
1835 3202 1940 3262 ino
1967 3201 2242 3262 solemnis
2268 3200 2444 3261 fiebat
2469 3203 2800 3280 propitiatio
2825 3223 2935 3280 pro

521 3281 739 3358 populo
762 3303 777 3355 ς
804 3283 877 3340 In
900 3281 973 3340 N.
993 3279 1184 3361 λῦτςον,
1203 3281 1505 3360 ἇντίλυτςου,
1536 3285 1743 3340 ἇπολυτ
1769 3307 1899 3357 ινα-ις,
1929 3286 2064 3360 mpii,
2094 3283 2328 3359 ἱλισμὸς,
2359 3289 2580 3363 >ivs-303⁹,
2602 3285 2929 3365 ἄπλοι-(οὖν,

520 3361 826 3441 ὃξιινγοςιίζω
848 3368 907 3420 et
934 3360 1082 3430 sim„
1104 3379 1236 3438 quae
1253 3369 1319 3419 ut
1340 3379 1446 3418 suo
1465 3360 1595 3419 loco
1612 3307 1907 3422 videbitur
1925 3371 2120 3440 aperte
2142 3381 2267 3421 eam
2295 3370 2626 3434 connotant,
2649 3381 2722 3421 ne
2739 3365 2932 3424 varias

518 3441 759 3581 phrages
812 3459 1325 3502 commemoremus
1386 3457 1463 3498 ex
1509 3439 1723 3516 quibus
1775 3440 1992 3502 invicte
2045 3442 2272 3504 elicitur
2323 3449 2392 3504 ut
2443 3442 2506 3500 in
2559 3443 2938 3520 sequentibus

593 3528 650 3581 te
690 3520 755 3582 it.

515 3541 756 3662 ΡειΧΠ.
802 3601 893 3662 De
918 3602 1029 3661 hac
1057 3607 1251 3662 autem
1276 3601 1660 3677 satisfactione
1683 3601 1797 3661 tria
1815 3602 2178 3681 potissimum
2208 3603 2388 3681 quaeri
2415 3609 2698 3681 possunt:
2745 3607 2798 3662 1.
2828 3603 2930 3662 An

516 3682 691 3743 fuerit
708 3701 945 3742 necesse
972 3681 1267 3742 Christum
1294 3681 1624 3742 satisfacere
1663 3701 1770 3760 pro
1797 3683 1966 3742 nobis
1988 3705 2004 3761 3
2035 3687 2091 3742 2.
2134 3682 2236 3741 An
2263 3701 2399 3742 vere
2428 3690 2488 3743 et
2512 3682 2740 3760 proprie
2763 3684 2929 3744 satis-

516 3763 749 3841 fecerit3
796 3766 849 3823 3.
893 3762 997 3821 An
1020 3761 1273 3842 perfecte
1300 3769 1360 3822 et
1386 3761 1650 3822 absolute
1677 3762 1945 3823 omnibus
1991 3763 2252 3842 partibus
2299 3762 2413 3822 sibi
2439 3761 2802 3822 demandatis
2829 3764 2930 3823 de·

514 3842 748 3904 functus
790 3843 885 3904 sit.
930 3843 1002 3901 In
1031 3842 1217 3920 primo
1245 3841 1563 3902 attenditur
1586 3844 1882 3902 necessitas
1907 3867 1932 3916 ,-
1976 3843 2048 3901 In
2071 3841 2324 3902 secundo
2351 3841 2426 3901 de
2461 3843 2695 3902 veritate
2741 3844 2932 3922 inqui·

514 3925 695 4002 ritur;
742 3924 816 3982 In
860 3923 1032 3983 tertio
1060 3922 1457 3982 consideratur
1498 3923 1774 4000 perfectio
1789 3945 1816 3996 ‚·
1869 3923 1944 3982 de
1996 3923 2090 3981 his
2135 3921 2288 3981 enim
2337 3922 2523 3982 tribus
2571 3924 2932 4000 gravissimae

512 4003 736 4064 moveri
756 4003 946 4065 solent
972 4003 1381 4063 controversiae
1428 4011 1551 4062 tum
1580 4023 1615 4061 a
1659 4002 1970 4062 socinianis
1995 4010 2119 4062 tum
2147 4021 2182 4060 a
2227 4003 2539 4079 pontificiis
2564 4025 2578 4063 :
2623 4002 2747 4062 Nos
2789 4023 2932 4064 vero

512 4105 669 4145 nunc
706 4083 940 4162 quidem
968 4083 1217 4162 primum
1242 4082 1390 4142 illud
1416 4092 1591 4160 caput
1628 4083 1946 4159 executuri,
1981 4086 2044 4141 10
2070 4082 2408 4159 quaestionis
2455 4091 2670 4142 statum
2699 4091 2758 4143 et
2799 4103 2930 4161 par·

510 4166 657 4225 tium
684 4163 1089 4224 dissidentium
1128 4163 1469 4223 sententiam
1512 4181 1914 4240 proponemus,
1962 4165 2030 4220 2·
2063 4181 2264 4220 veram
2291 4169 2350 4222 et
2387 4161 2770 4222 orthodoxam
2799 4181 2928 4222 sen-

506 4245 748 4305 tentiam
788 4243 1254 4305 confirmabimus
1279 4245 1767 4319 mamone-mik,
1789 4245 1855 4304 30
1879 4261 1985 4321 per
2009 4245 2273 4305 ἄκωυὺν
2299 4243 2590 4321 praecipua
2627 4241 2923 4301 Adversa·

508 4325 724 4386 riorum
760 4332 1103 4404 argumenta
1128 4323 1571 4384 confutabimus.

591 4403 785 4464 XIII.
830 4404 959 4465 Etsi
986 4423 1102 4464 non
1132 4403 1434 4463 intricatus
1464 4401 1701 4462 videtur
1725 4401 2040 4479 quaestionis
2065 4411 2260 4478 status,
2289 4401 2557 4480 quaedam
2597 4409 2793 4460 tamen
2833 4402 2930 4462 hic

510 4485 755 4557 δξωγόιω
780 4492 841 4543 et
876 4504 997 4542 non
1024 4491 1395 4544 controversa
1428 4482 1782 4542 removenda
1809 4489 1961 4541 sunt.
2009 4486 2061 4542 1.
2105 4483 2236 4542 Non
2265 4483 2542 4562 quaeritur
2568 4481 2670 4540 An
2695 4490 2936 4558 peccata

508 4583 739 4642 poenam
761 4571 1087 4622 mereantur
1113 4571 1173 4623 et
1198 4562 1481 4640 punibilia
1506 4563 1642 4637 sint,
1685 4563 1956 4640 utrinque
2004 4562 2158 4622 enim
2188 4570 2278 4622 est
2319 4563 2382 4620 in
2423 4561 2688 4622 confesso
2725 4580 2928 4640 pecca-

505 4652 632 4704 tum
660 4661 830 4702 omne
856 4661 983 4703 esse
1010 4661 1181 4719 poena
1208 4640 1469 4718 dignum.
1554 4641 1705 4702 Nam
1733 4661 1867 4701 cum
1895 4642 1973 4703 sit
1997 4641 2222 4721 aliquid
2261 4641 2618 4702 inconforme
2645 4661 2929 4722 supremae
