<?xml version="1.0" encoding="UTF-8"?>
<!DOCTYPE html PUBLIC "-//W3C//DTD XHTML 1.0 Transitional//EN"
    "http://www.w3.org/TR/xhtml1/DTD/xhtml1-transitional.dtd">
<html xmlns="http://www.w3.org/1999/xhtml" xml:lang="en" lang="en">
 <head>
  <title>
</title>
<meta http-equiv="Content-Type" content="text/html;charset=utf-8" />
  <meta name='ocr-system' content='tesseract 3.04.00' />
  <meta name='ocr-capabilities' content='ocr_page ocr_carea ocr_par ocr_line ocrx_word'/>
</head>
<body>
  <div class='ocr_page' id='page_1' title='image "./denecessariasec00turrgoog_0344.png"; bbox 0 0 3234 5192; ppageno 0'>
   <div class='ocr_carea' id='block_1_1' title="bbox 467 326 2885 413">
    <p class='ocr_par' dir='ltr' id='par_1_1' title="bbox 467 326 2885 413">
     <span class='ocr_line' id='line_1_1' title="bbox 467 326 2885 413; baseline 0.001 -23"><span class='ocrx_word' id='word_1_1' title='bbox 467 333 585 390; x_wconf 83' lang='lat'><strong>298</strong></span> <span class='ocrx_word' id='word_1_2' title='bbox 1161 347 1240 389; x_wconf 76' lang='lat' dir='ltr'><strong>ns</strong></span> <span class='ocrx_word' id='word_1_3' title='bbox 1269 348 1482 390; x_wconf 73' lang='lat' dir='ltr'><strong>ramus</strong></span> <span class='ocrx_word' id='word_1_4' title='bbox 1509 348 1791 391; x_wconf 73' lang='lat' dir='ltr'><strong>&#39;res-rmus</strong></span> <span class='ocrx_word' id='word_1_5' title='bbox 1820 348 2220 390; x_wconf 70' lang='lat' dir='ltr'><strong>cennas-rmus.</strong></span> <span class='ocrx_word' id='word_1_6' title='bbox 2534 326 2794 413; x_wconf 76' lang='lat' dir='ltr'><strong>[msrcr.</strong></span> <span class='ocrx_word' id='word_1_7' title='bbox 2826 350 2885 392; x_wconf 87' lang='lat' dir='ltr'><strong>v.</strong></span> 
     </span>
    </p>
   </div>
   <div class='ocr_carea' id='block_1_2' title="bbox 452 488 2883 4721">
    <p class='ocr_par' dir='ltr' id='par_1_2' title="bbox 452 488 2883 2967">
     <span class='ocr_line' id='line_1_2' title="bbox 465 488 2883 571; baseline 0.001 -23"><span class='ocrx_word' id='word_1_8' title='bbox 465 490 593 567; x_wconf 75' lang='lat' dir='ltr'><strong>bue,</strong></span> <span class='ocrx_word' id='word_1_9' title='bbox 637 496 704 549; x_wconf 89' lang='lat' dir='ltr'><strong>ut</strong></span> <span class='ocrx_word' id='word_1_10' title='bbox 727 491 1116 571; x_wconf 57' lang='grc' dir='ltr'><strong>θαυματουςγὶν</strong></span> <span class='ocrx_word' id='word_1_11' title='bbox 1141 510 1259 549; x_wconf 91' lang='lat' dir='ltr'><strong>non</strong></span> <span class='ocrx_word' id='word_1_12' title='bbox 1289 490 1469 550; x_wconf 89' lang='lat' dir='ltr'><strong>semel</strong></span> <span class='ocrx_word' id='word_1_13' title='bbox 1513 490 1969 567; x_wconf 86' lang='lat' dir='ltr'><strong>descripsissent,</strong></span> <span class='ocrx_word' id='word_1_14' title='bbox 2003 489 2119 550; x_wconf 86' lang='lat' dir='ltr'><strong>Isa.</strong></span> <span class='ocrx_word' id='word_1_15' title='bbox 2144 510 2331 548; x_wconf 84' lang='lat' dir='ltr'><strong>xxxv.</strong></span> <span class='ocrx_word' id='word_1_16' title='bbox 2363 498 2423 549; x_wconf 91' lang='lat' dir='ltr'><strong>et</strong></span> <span class='ocrx_word' id='word_1_17' title='bbox 2442 488 2567 564; x_wconf 66' lang='lat' dir='ltr'><strong>lxi„</strong></span> <span class='ocrx_word' id='word_1_18' title='bbox 2616 490 2883 551; x_wconf 86' lang='lat' dir='ltr'><strong>Christus</strong></span> 
     </span>
     <span class='ocr_line' id='line_1_3' title="bbox 462 569 2883 648; baseline 0 -20"><span class='ocrx_word' id='word_1_19' title='bbox 462 589 582 629; x_wconf 85' lang='lat' dir='ltr'><strong>non</strong></span> <span class='ocrx_word' id='word_1_20' title='bbox 601 571 790 648; x_wconf 90' lang='lat' dir='ltr'><strong>potuit</strong></span> <span class='ocrx_word' id='word_1_21' title='bbox 811 572 1039 631; x_wconf 81' lang='lat' dir='ltr'>certiori</span> <span class='ocrx_word' id='word_1_22' title='bbox 1057 579 1398 648; x_wconf 85' lang='lat' dir='ltr'><strong>argumento</strong></span> <span class='ocrx_word' id='word_1_23' title='bbox 1415 590 1476 629; x_wconf 88' lang='lat' dir='ltr'><strong>se</strong></span> <span class='ocrx_word' id='word_1_24' title='bbox 1497 570 1777 629; x_wconf 89' lang='lat' dir='ltr'><strong>Messiam</strong></span> <span class='ocrx_word' id='word_1_25' title='bbox 1799 590 1925 629; x_wconf 85' lang='lat' dir='ltr'><strong>esse</strong></span> <span class='ocrx_word' id='word_1_26' title='bbox 1939 571 2328 647; x_wconf 89' lang='lat' dir='ltr'><strong>comprobare,</strong></span> <span class='ocrx_word' id='word_1_27' title='bbox 2343 589 2517 647; x_wconf 87' lang='lat' dir='ltr'><strong>quam</strong></span> <span class='ocrx_word' id='word_1_28' title='bbox 2546 569 2687 627; x_wconf 85' lang='lat' dir='ltr'><strong>talia</strong></span> <span class='ocrx_word' id='word_1_29' title='bbox 2707 590 2883 647; x_wconf 87' lang='lat' dir='ltr'><strong>opera</strong></span> 
     </span>
     <span class='ocr_line' id='line_1_4' title="bbox 465 649 2879 729; baseline 0 -21"><span class='ocrx_word' id='word_1_30' title='bbox 465 650 811 728; x_wconf 66' lang='lat' dir='ltr'><strong>praestandQ</strong></span> <span class='ocrx_word' id='word_1_31' title='bbox 842 670 972 729; x_wconf 73' lang='lat' dir='ltr'><strong>quse</strong></span> <span class='ocrx_word' id='word_1_32' title='bbox 1019 652 1080 709; x_wconf 93' lang='lat' dir='ltr'><strong>in</strong></span> <span class='ocrx_word' id='word_1_33' title='bbox 1129 651 1256 729; x_wconf 86' lang='lat' dir='ltr'><strong>ipso</strong></span> <span class='ocrx_word' id='word_1_34' title='bbox 1305 650 1580 727; x_wconf 91' lang='lat' dir='ltr'><strong>compleri</strong></span> <span class='ocrx_word' id='word_1_35' title='bbox 1629 650 1860 709; x_wconf 88' lang='lat' dir='ltr'><strong>oracula</strong></span> <span class='ocrx_word' id='word_1_36' title='bbox 1900 649 2017 723; x_wconf 83' lang='lat' dir='ltr'><strong>illa,</strong></span> <span class='ocrx_word' id='word_1_37' title='bbox 2049 650 2521 709; x_wconf 81' lang='lat' dir='ltr'><strong>demonstrabant</strong></span> <span class='ocrx_word' id='word_1_38' title='bbox 2541 649 2879 709; x_wconf 79' lang='lat' dir='ltr'><strong>clarissime.</strong></span> 
     </span>
     <span class='ocr_line' id='line_1_5' title="bbox 469 728 2879 808; baseline -0.001 -17"><span class='ocrx_word' id='word_1_39' title='bbox 469 730 620 791; x_wconf 84' lang='lat' dir='ltr'><strong>Nam</strong></span> <span class='ocrx_word' id='word_1_40' title='bbox 649 731 750 808; x_wconf 87' lang='lat' dir='ltr'><strong>qui</strong></span> <span class='ocrx_word' id='word_1_41' title='bbox 777 740 880 807; x_wconf 89' lang='lat' dir='ltr'><strong>tot,</strong></span> <span class='ocrx_word' id='word_1_42' title='bbox 909 738 1184 808; x_wconf 85' lang='lat' dir='ltr'><strong>tantaque</strong></span> <span class='ocrx_word' id='word_1_43' title='bbox 1212 731 1490 789; x_wconf 88' lang='lat' dir='ltr'><strong>miracula</strong></span> <span class='ocrx_word' id='word_1_44' title='bbox 1513 736 1769 807; x_wconf 48' lang='lat' dir='ltr'><strong>praestass</strong></span> <span class='ocrx_word' id='word_1_45' title='bbox 1802 729 1912 788; x_wconf 90' lang='lat' dir='ltr'><strong>Ille</strong></span> <span class='ocrx_word' id='word_1_46' title='bbox 1934 730 2033 787; x_wconf 92' lang='lat' dir='ltr'><strong>vel</strong></span> <span class='ocrx_word' id='word_1_47' title='bbox 2058 731 2319 807; x_wconf 82' lang='lat' dir='ltr'><strong>potentia</strong></span> <span class='ocrx_word' id='word_1_48' title='bbox 2346 748 2572 788; x_wconf 90' lang='lat' dir='ltr'><strong>summa</strong></span> <span class='ocrx_word' id='word_1_49' title='bbox 2600 728 2879 805; x_wconf 71' lang='lat' dir='ltr'><strong>praeditus</strong></span> 
     </span>
     <span class='ocr_line' id='line_1_6' title="bbox 466 808 2879 888; baseline -0 -19"><span class='ocrx_word' id='word_1_50' title='bbox 466 820 558 870; x_wconf 89' lang='lat' dir='ltr'><strong>est</strong></span> <span class='ocrx_word' id='word_1_51' title='bbox 584 830 758 888; x_wconf 89' lang='lat' dir='ltr'><strong>supra</strong></span> <span class='ocrx_word' id='word_1_52' title='bbox 784 819 1048 869; x_wconf 89' lang='lat' dir='ltr'><strong>naturam</strong></span> <span class='ocrx_word' id='word_1_53' title='bbox 1085 830 1330 884; x_wconf 86' lang='lat' dir='ltr'><strong>omnem,</strong></span> <span class='ocrx_word' id='word_1_54' title='bbox 1362 811 1458 868; x_wconf 89' lang='lat' dir='ltr'><strong>vel</strong></span> <span class='ocrx_word' id='word_1_55' title='bbox 1505 809 1766 885; x_wconf 88' lang='lat' dir='ltr'><strong>potentia</strong></span> <span class='ocrx_word' id='word_1_56' title='bbox 1803 809 2001 868; x_wconf 88' lang='lat' dir='ltr'><strong>divina</strong></span> <span class='ocrx_word' id='word_1_57' title='bbox 2046 810 2229 868; x_wconf 88' lang='lat' dir='ltr'><strong>utitur</strong></span> <span class='ocrx_word' id='word_1_58' title='bbox 2255 810 2435 868; x_wconf 88' lang='lat' dir='ltr'><strong>libere</strong></span> <span class='ocrx_word' id='word_1_59' title='bbox 2460 830 2475 868; x_wconf 72' lang='grc' dir='ltr'><strong><em>ε</em></strong></span> <span class='ocrx_word' id='word_1_60' title='bbox 2520 808 2633 883; x_wconf 89' lang='lat' dir='ltr'><strong>Qui</strong></span> <span class='ocrx_word' id='word_1_61' title='bbox 2660 808 2879 875; x_wconf 66' lang='grc' dir='ltr'><strong>αὐτέθιος</strong></span> 
     </span>
     <span class='ocr_line' id='line_1_7' title="bbox 465 888 2878 968; baseline -0.001 -17"><span class='ocrx_word' id='word_1_62' title='bbox 465 900 556 951; x_wconf 89' lang='lat' dir='ltr'><strong>est</strong></span> <span class='ocrx_word' id='word_1_63' title='bbox 583 909 771 968; x_wconf 87' lang='lat' dir='ltr'><strong>opere,</strong></span> <span class='ocrx_word' id='word_1_64' title='bbox 804 889 970 949; x_wconf 84' lang='lat' dir='ltr'><strong>Idem</strong></span> <span class='ocrx_word' id='word_1_65' title='bbox 997 890 1172 949; x_wconf 91' lang='lat' dir='ltr'><strong>debet</strong></span> <span class='ocrx_word' id='word_1_66' title='bbox 1198 908 1325 947; x_wconf 89' lang='lat' dir='ltr'><strong>esse</strong></span> <span class='ocrx_word' id='word_1_67' title='bbox 1353 892 1650 954; x_wconf 60' lang='grc' dir='ltr'><strong>αὖτίς-ητις</strong></span> <span class='ocrx_word' id='word_1_68' title='bbox 1677 890 1875 948; x_wconf 87' lang='lat' dir='ltr'><strong>verbo.</strong></span> <span class='ocrx_word' id='word_1_69' title='bbox 1960 888 2073 964; x_wconf 89' lang='lat' dir='ltr'><strong>Qui</strong></span> <span class='ocrx_word' id='word_1_70' title='bbox 2095 889 2233 948; x_wconf 89' lang='lat' dir='ltr'><strong>facit</strong></span> <span class='ocrx_word' id='word_1_71' title='bbox 2250 888 2527 966; x_wconf 87' lang='lat' dir='ltr'><strong>quicquid</strong></span> <span class='ocrx_word' id='word_1_72' title='bbox 2544 888 2689 964; x_wconf 88' lang='lat' dir='ltr'><strong>vult,</strong></span> <span class='ocrx_word' id='word_1_73' title='bbox 2713 889 2878 949; x_wconf 84' lang='lat' dir='ltr'><strong>Idem</strong></span> 
     </span>
     <span class='ocr_line' id='line_1_8' title="bbox 467 968 2879 1048; baseline -0.001 -19"><span class='ocrx_word' id='word_1_74' title='bbox 467 969 744 1048; x_wconf 91' lang='lat' dir='ltr'><strong>quicquid</strong></span> <span class='ocrx_word' id='word_1_75' title='bbox 771 969 929 1045; x_wconf 83' lang='lat' dir='ltr'><strong>dicit,</strong></span> <span class='ocrx_word' id='word_1_76' title='bbox 960 988 1162 1027; x_wconf 90' lang='lat' dir='ltr'><strong>verum</strong></span> <span class='ocrx_word' id='word_1_77' title='bbox 1191 988 1318 1027; x_wconf 87' lang='lat' dir='ltr'><strong>esse</strong></span> <span class='ocrx_word' id='word_1_78' title='bbox 1335 968 1526 1045; x_wconf 90' lang='lat' dir='ltr'><strong>reipsa</strong></span> <span class='ocrx_word' id='word_1_79' title='bbox 1545 976 1604 1027; x_wconf 91' lang='lat' dir='ltr'><strong>et</strong></span> <span class='ocrx_word' id='word_1_80' title='bbox 1626 977 1758 1028; x_wconf 89' lang='lat' dir='ltr'><strong>actu</strong></span> <span class='ocrx_word' id='word_1_81' title='bbox 1776 968 2019 1045; x_wconf 86' lang='lat' dir='ltr'><strong>probat;</strong></span> <span class='ocrx_word' id='word_1_82' title='bbox 2062 988 2171 1027; x_wconf 91' lang='lat' dir='ltr'><strong>nec</strong></span> <span class='ocrx_word' id='word_1_83' title='bbox 2188 970 2341 1027; x_wconf 91' lang='lat' dir='ltr'><strong>enim</strong></span> <span class='ocrx_word' id='word_1_84' title='bbox 2364 987 2645 1026; x_wconf 89' lang='lat' dir='ltr'><strong>summam</strong></span> <span class='ocrx_word' id='word_1_85' title='bbox 2674 976 2879 1046; x_wconf 77' lang='lat' dir='ltr'><strong>poten-</strong></span> 
     </span>
     <span class='ocr_line' id='line_1_9' title="bbox 465 1048 2881 1125; baseline -0 -16"><span class='ocrx_word' id='word_1_86' title='bbox 465 1052 622 1125; x_wconf 85' lang='lat' dir='ltr'><strong>tiam,</strong></span> <span class='ocrx_word' id='word_1_87' title='bbox 643 1048 1006 1107; x_wconf 77' lang='lat' dir='ltr'><strong>mendacium</strong></span> <span class='ocrx_word' id='word_1_88' title='bbox 1024 1048 1210 1107; x_wconf 84' lang='lat' dir='ltr'><strong>docet.</strong></span> <span class='ocrx_word' id='word_1_89' title='bbox 1263 1048 1410 1106; x_wconf 91' lang='lat' dir='ltr'><strong>Cum</strong></span> <span class='ocrx_word' id='word_1_90' title='bbox 1437 1068 1577 1125; x_wconf 89' lang='lat' dir='ltr'><strong>ergo</strong></span> <span class='ocrx_word' id='word_1_91' title='bbox 1607 1049 1873 1107; x_wconf 85' lang='lat' dir='ltr'><strong>Christus</strong></span> <span class='ocrx_word' id='word_1_92' title='bbox 1899 1056 1987 1107; x_wconf 88' lang='lat' dir='ltr'><strong>tot</strong></span> <span class='ocrx_word' id='word_1_93' title='bbox 2013 1049 2266 1125; x_wconf 81' lang='lat' dir='ltr'><strong>taliaque</strong></span> <span class='ocrx_word' id='word_1_94' title='bbox 2294 1048 2571 1106; x_wconf 90' lang='lat' dir='ltr'><strong>miracula</strong></span> <span class='ocrx_word' id='word_1_95' title='bbox 2596 1050 2881 1125; x_wconf 72' lang='lat' dir='ltr'><strong>praestite-</strong></span> 
     </span>
     <span class='ocr_line' id='line_1_10' title="bbox 463 1127 2879 1205; baseline 0 -18"><span class='ocrx_word' id='word_1_96' title='bbox 463 1130 542 1187; x_wconf 89' lang='lat' dir='ltr'><strong>rit</strong></span> <span class='ocrx_word' id='word_1_97' title='bbox 567 1147 674 1187; x_wconf 87' lang='lat' dir='ltr'><strong>suo</strong></span> <span class='ocrx_word' id='word_1_98' title='bbox 700 1128 932 1186; x_wconf 89' lang='lat' dir='ltr'><strong>nomine</strong></span> <span class='ocrx_word' id='word_1_99' title='bbox 959 1136 1018 1186; x_wconf 91' lang='lat' dir='ltr'><strong>et</strong></span> <span class='ocrx_word' id='word_1_100' title='bbox 1045 1127 1408 1203; x_wconf 77' lang='lat' dir='ltr'><strong>authoritate,</strong></span> <span class='ocrx_word' id='word_1_101' title='bbox 1443 1128 1717 1205; x_wconf 90' lang='lat' dir='ltr'><strong>Deusque</strong></span> <span class='ocrx_word' id='word_1_102' title='bbox 1746 1148 1909 1187; x_wconf 87' lang='lat' dir='ltr'><strong>suam</strong></span> <span class='ocrx_word' id='word_1_103' title='bbox 1932 1146 2163 1205; x_wconf 88' lang='lat' dir='ltr'><strong>operam</strong></span> <span class='ocrx_word' id='word_1_104' title='bbox 2192 1136 2250 1187; x_wconf 92' lang='lat' dir='ltr'><strong>et</strong></span> <span class='ocrx_word' id='word_1_105' title='bbox 2278 1128 2549 1187; x_wconf 85' lang='lat' dir='ltr'><strong>virtutem</strong></span> <span class='ocrx_word' id='word_1_106' title='bbox 2578 1128 2653 1186; x_wconf 91' lang='lat' dir='ltr'><strong>ad</strong></span> <span class='ocrx_word' id='word_1_107' title='bbox 2680 1148 2879 1188; x_wconf 87' lang='lat' dir='ltr'><strong>eorum</strong></span> 
     </span>
     <span class='ocr_line' id='line_1_11' title="bbox 462 1207 2881 1286; baseline -0 -18"><span class='ocrx_word' id='word_1_108' title='bbox 462 1208 900 1286; x_wconf 88' lang='lat' dir='ltr'><strong>productionem</strong></span> <span class='ocrx_word' id='word_1_109' title='bbox 927 1207 1286 1285; x_wconf 89' lang='lat' dir='ltr'><strong>impenderit,</strong></span> <span class='ocrx_word' id='word_1_110' title='bbox 1317 1208 1449 1286; x_wconf 85' lang='lat' dir='ltr'><strong>quis</strong></span> <span class='ocrx_word' id='word_1_111' title='bbox 1493 1207 1797 1266; x_wconf 87' lang='lat' dir='ltr'><strong>dubitandi</strong></span> <span class='ocrx_word' id='word_1_112' title='bbox 1844 1207 2009 1267; x_wconf 88' lang='lat' dir='ltr'><strong>locus</strong></span> <span class='ocrx_word' id='word_1_113' title='bbox 2058 1228 2357 1285; x_wconf 81' lang='lat' dir='ltr'><strong>superesse</strong></span> <span class='ocrx_word' id='word_1_114' title='bbox 2405 1215 2597 1285; x_wconf 83' lang='lat' dir='ltr'><strong>potest</strong></span> <span class='ocrx_word' id='word_1_115' title='bbox 2614 1212 2644 1267; x_wconf 69' lang='grc' dir='ltr'>Ρ</span> <span class='ocrx_word' id='word_1_116' title='bbox 2725 1209 2881 1284; x_wconf 85' lang='lat' dir='ltr'><strong>Quid</strong></span> 
     </span>
     <span class='ocr_line' id='line_1_12' title="bbox 463 1288 2879 1365; baseline 0 -18"><span class='ocrx_word' id='word_1_117' title='bbox 463 1289 618 1348; x_wconf 90' lang='lat' dir='ltr'><strong>enim</strong></span> <span class='ocrx_word' id='word_1_118' title='bbox 645 1308 778 1347; x_wconf 89' lang='lat' dir='ltr'><strong>cum</strong></span> <span class='ocrx_word' id='word_1_119' title='bbox 805 1288 1001 1365; x_wconf 89' lang='lat' dir='ltr'><strong>aliqua</strong></span> <span class='ocrx_word' id='word_1_120' title='bbox 1025 1289 1150 1346; x_wconf 89' lang='lat' dir='ltr'><strong>veri</strong></span> <span class='ocrx_word' id='word_1_121' title='bbox 1179 1288 1370 1365; x_wconf 89' lang='lat' dir='ltr'><strong>specie</strong></span> <span class='ocrx_word' id='word_1_122' title='bbox 1397 1288 1610 1365; x_wconf 88' lang='lat' dir='ltr'><strong>opponi</strong></span> <span class='ocrx_word' id='word_1_123' title='bbox 1638 1295 1867 1365; x_wconf 80' lang='lat' dir='ltr'><strong>posset3</strong></span> <span class='ocrx_word' id='word_1_124' title='bbox 1915 1289 2014 1346; x_wconf 91' lang='lat' dir='ltr'><strong>An</strong></span> <span class='ocrx_word' id='word_1_125' title='bbox 2050 1288 2337 1346; x_wconf 90' lang='lat' dir='ltr'><strong>mirabilia</strong></span> <span class='ocrx_word' id='word_1_126' title='bbox 2364 1288 2560 1363; x_wconf 86' lang='lat' dir='ltr'><strong>fuisse,</strong></span> <span class='ocrx_word' id='word_1_127' title='bbox 2590 1308 2709 1347; x_wconf 90' lang='lat' dir='ltr'><strong>non</strong></span> <span class='ocrx_word' id='word_1_128' title='bbox 2738 1308 2879 1348; x_wconf 85' lang='lat' dir='ltr'><strong>vera</strong></span> 
     </span>
     <span class='ocr_line' id='line_1_13' title="bbox 461 1367 2877 1445; baseline 0 -18"><span class='ocrx_word' id='word_1_129' title='bbox 461 1369 742 1428; x_wconf 89' lang='lat' dir='ltr'><strong>miracula</strong></span> <span class='ocrx_word' id='word_1_130' title='bbox 760 1371 789 1427; x_wconf 70' lang='grc' dir='ltr'><strong><em>Ρ</em></strong></span> <span class='ocrx_word' id='word_1_131' title='bbox 873 1367 990 1427; x_wconf 89' lang='lat' dir='ltr'><strong>Sed</strong></span> <span class='ocrx_word' id='word_1_132' title='bbox 1017 1368 1159 1445; x_wconf 90' lang='lat' dir='ltr'><strong>quid</strong></span> <span class='ocrx_word' id='word_1_133' title='bbox 1185 1387 1388 1428; x_wconf 89' lang='lat' dir='ltr'><strong>verum</strong></span> <span class='ocrx_word' id='word_1_134' title='bbox 1431 1368 1790 1444; x_wconf 77' lang='lat' dir='ltr'><strong>miraculum,</strong></span> <span class='ocrx_word' id='word_1_135' title='bbox 1834 1368 1949 1427; x_wconf 90' lang='lat' dir='ltr'><strong>nisi</strong></span> <span class='ocrx_word' id='word_1_136' title='bbox 1996 1368 2153 1444; x_wconf 91' lang='lat' dir='ltr'><strong>quod</strong></span> <span class='ocrx_word' id='word_1_137' title='bbox 2199 1370 2379 1427; x_wconf 88' lang='lat' dir='ltr'><strong>totius</strong></span> <span class='ocrx_word' id='word_1_138' title='bbox 2422 1377 2643 1426; x_wconf 76' lang='lat' dir='ltr'><strong>naturae</strong></span> <span class='ocrx_word' id='word_1_139' title='bbox 2672 1378 2877 1428; x_wconf 75' lang='lat' dir='ltr'><strong>creatae</strong></span> 
     </span>
     <span class='ocr_line' id='line_1_14' title="bbox 461 1448 2877 1527; baseline -0 -18"><span class='ocrx_word' id='word_1_140' title='bbox 461 1451 617 1509; x_wconf 87' lang='lat' dir='ltr'><strong>vires</strong></span> <span class='ocrx_word' id='word_1_141' title='bbox 646 1456 894 1527; x_wconf 90' lang='lat' dir='ltr'><strong>superat,</strong></span> <span class='ocrx_word' id='word_1_142' title='bbox 927 1458 991 1508; x_wconf 93' lang='lat' dir='ltr'><strong>ut</strong></span> <span class='ocrx_word' id='word_1_143' title='bbox 1019 1468 1173 1507; x_wconf 75' lang='lat' dir='ltr'><strong>caeco</strong></span> <span class='ocrx_word' id='word_1_144' title='bbox 1207 1456 1344 1507; x_wconf 87' lang='lat' dir='ltr'><strong>nato</strong></span> <span class='ocrx_word' id='word_1_145' title='bbox 1393 1448 1601 1524; x_wconf 87' lang='lat' dir='ltr'><strong>visum,</strong></span> <span class='ocrx_word' id='word_1_146' title='bbox 1656 1456 1713 1506; x_wconf 90' lang='lat' dir='ltr'><strong>et</strong></span> <span class='ocrx_word' id='word_1_147' title='bbox 1760 1456 1986 1507; x_wconf 86' lang='lat' dir='ltr'><strong>mortuo</strong></span> <span class='ocrx_word' id='word_1_148' title='bbox 2037 1448 2217 1506; x_wconf 89' lang='lat' dir='ltr'><strong>vitam</strong></span> <span class='ocrx_word' id='word_1_149' title='bbox 2273 1451 2591 1523; x_wconf 81' lang='lat' dir='ltr'><strong>restituere,</strong></span> <span class='ocrx_word' id='word_1_150' title='bbox 2622 1457 2681 1507; x_wconf 90' lang='lat' dir='ltr'><strong>et</strong></span> <span class='ocrx_word' id='word_1_151' title='bbox 2709 1468 2877 1508; x_wconf 91' lang='lat' dir='ltr'><strong>omne</strong></span> 
     </span>
     <span class='ocr_line' id='line_1_15' title="bbox 461 1527 2879 1607; baseline -0.001 -19"><span class='ocrx_word' id='word_1_152' title='bbox 461 1550 647 1607; x_wconf 88' lang='lat' dir='ltr'><strong>genus</strong></span> <span class='ocrx_word' id='word_1_153' title='bbox 673 1529 1004 1588; x_wconf 89' lang='lat' dir='ltr'><strong>morborum</strong></span> <span class='ocrx_word' id='word_1_154' title='bbox 1033 1548 1234 1587; x_wconf 86' lang='lat' dir='ltr'><strong>sanare</strong></span> <span class='ocrx_word' id='word_1_155' title='bbox 1254 1532 1283 1587; x_wconf 80' lang='lat'><strong>?</strong></span> <span class='ocrx_word' id='word_1_156' title='bbox 1326 1529 1424 1586; x_wconf 90' lang='lat' dir='ltr'><strong>An</strong></span> <span class='ocrx_word' id='word_1_157' title='bbox 1451 1527 1776 1605; x_wconf 72' lang='lat' dir='ltr'><strong>praestigias</strong></span> <span class='ocrx_word' id='word_1_158' title='bbox 1823 1527 2001 1587; x_wconf 90' lang='lat' dir='ltr'><strong>fuisse</strong></span> <span class='ocrx_word' id='word_1_159' title='bbox 2017 1531 2047 1587; x_wconf 70' lang='grc'>9</span> <span class='ocrx_word' id='word_1_160' title='bbox 2091 1527 2211 1588; x_wconf 89' lang='lat' dir='ltr'><strong>Sed</strong></span> <span class='ocrx_word' id='word_1_161' title='bbox 2236 1548 2339 1587; x_wconf 89' lang='lat' dir='ltr'><strong>cur</strong></span> <span class='ocrx_word' id='word_1_162' title='bbox 2384 1547 2503 1585; x_wconf 89' lang='lat' dir='ltr'><strong>non</strong></span> <span class='ocrx_word' id='word_1_163' title='bbox 2529 1528 2879 1604; x_wconf 84' lang='lat' dir='ltr'><strong>detegebant</strong></span> 
     </span>
     <span class='ocr_line' id='line_1_16' title="bbox 459 1606 2879 1687; baseline -0.002 -18"><span class='ocrx_word' id='word_1_164' title='bbox 459 1610 503 1669; x_wconf 91' lang='lat' dir='ltr'><strong>J</strong></span> <span class='ocrx_word' id='word_1_165' title='bbox 505 1610 656 1669; x_wconf 79' lang='lat' dir='ltr'><strong>udaei</strong></span> <span class='ocrx_word' id='word_1_166' title='bbox 683 1608 1159 1687; x_wconf 69' lang='lat' dir='ltr'><strong>praestigiatorem</strong></span> <span class='ocrx_word' id='word_1_167' title='bbox 1177 1612 1206 1667; x_wconf 82' lang='lat'><strong>?</strong></span> <span class='ocrx_word' id='word_1_168' title='bbox 1261 1608 1380 1667; x_wconf 89' lang='lat' dir='ltr'><strong>Cur</strong></span> <span class='ocrx_word' id='word_1_169' title='bbox 1405 1616 1494 1667; x_wconf 90' lang='lat' dir='ltr'><strong>tot</strong></span> <span class='ocrx_word' id='word_1_170' title='bbox 1533 1608 1853 1683; x_wconf 68' lang='lat' dir='ltr'><strong>exorcistas,</strong></span> <span class='ocrx_word' id='word_1_171' title='bbox 1897 1608 1999 1685; x_wconf 89' lang='lat' dir='ltr'><strong>qui</strong></span> <span class='ocrx_word' id='word_1_172' title='bbox 2028 1626 2096 1665; x_wconf 89' lang='lat' dir='ltr'><strong>eo</strong></span> <span class='ocrx_word' id='word_1_173' title='bbox 2124 1616 2380 1685; x_wconf 90' lang='lat' dir='ltr'><strong>tempore</strong></span> <span class='ocrx_word' id='word_1_174' title='bbox 2408 1606 2701 1681; x_wconf 82' lang='lat' dir='ltr'><strong>vivebant,</strong></span> <span class='ocrx_word' id='word_1_175' title='bbox 2727 1606 2879 1665; x_wconf 62' lang='lat' dir='ltr'><strong>finu-</strong></span> 
     </span>
     <span class='ocr_line' id='line_1_17' title="bbox 459 1686 2877 1765; baseline -0.002 -16"><span class='ocrx_word' id='word_1_176' title='bbox 459 1690 590 1749; x_wconf 89' lang='lat' dir='ltr'><strong>dem</strong></span> <span class='ocrx_word' id='word_1_177' title='bbox 619 1709 736 1747; x_wconf 91' lang='lat' dir='ltr'><strong>non</strong></span> <span class='ocrx_word' id='word_1_178' title='bbox 764 1688 1194 1747; x_wconf 81' lang='lat' dir='ltr'><strong>ostendebant?</strong></span> <span class='ocrx_word' id='word_1_179' title='bbox 1223 1688 1679 1765; x_wconf 80' lang='lat' dir='ltr'><strong>Praestigiatores</strong></span> <span class='ocrx_word' id='word_1_180' title='bbox 1708 1708 1848 1765; x_wconf 89' lang='lat' dir='ltr'><strong>ergo</strong></span> <span class='ocrx_word' id='word_1_181' title='bbox 1875 1696 1934 1746; x_wconf 90' lang='lat' dir='ltr'><strong>et</strong></span> <span class='ocrx_word' id='word_1_182' title='bbox 1960 1687 2245 1765; x_wconf 90' lang='lat' dir='ltr'><strong>discipuli,</strong></span> <span class='ocrx_word' id='word_1_183' title='bbox 2277 1686 2377 1763; x_wconf 86' lang='lat' dir='ltr'><strong>qui</strong></span> <span class='ocrx_word' id='word_1_184' title='bbox 2406 1706 2474 1744; x_wconf 89' lang='lat' dir='ltr'><strong>eo</strong></span> <span class='ocrx_word' id='word_1_185' title='bbox 2500 1695 2728 1745; x_wconf 88' lang='lat' dir='ltr'><strong>mortuo</strong></span> <span class='ocrx_word' id='word_1_186' title='bbox 2749 1706 2877 1763; x_wconf 89' lang='lat' dir='ltr'><strong>per-</strong></span> 
     </span>
     <span class='ocr_line' id='line_1_18' title="bbox 457 1765 2874 1847; baseline -0.001 -20"><span class='ocrx_word' id='word_1_187' title='bbox 457 1776 606 1847; x_wconf 88' lang='lat' dir='ltr'><strong>gunt</strong></span> <span class='ocrx_word' id='word_1_188' title='bbox 631 1769 758 1845; x_wconf 83' lang='lat' dir='ltr'><strong>ejus</strong></span> <span class='ocrx_word' id='word_1_189' title='bbox 783 1768 1033 1838; x_wconf 86' lang='lat' dir='ltr'><strong>nomine,</strong></span> <span class='ocrx_word' id='word_1_190' title='bbox 1065 1767 1169 1826; x_wconf 87' lang='lat' dir='ltr'><strong>sed</strong></span> <span class='ocrx_word' id='word_1_191' title='bbox 1196 1788 1312 1845; x_wconf 90' lang='lat' dir='ltr'><strong>quo</strong></span> <span class='ocrx_word' id='word_1_192' title='bbox 1339 1768 1471 1843; x_wconf 89' lang='lat' dir='ltr'><strong>fine,</strong></span> <span class='ocrx_word' id='word_1_193' title='bbox 1519 1775 1578 1825; x_wconf 87' lang='lat' dir='ltr'><strong>et</strong></span> <span class='ocrx_word' id='word_1_194' title='bbox 1622 1768 1716 1825; x_wconf 91' lang='lat' dir='ltr'><strong>cui</strong></span> <span class='ocrx_word' id='word_1_195' title='bbox 1751 1768 1905 1826; x_wconf 92' lang='lat' dir='ltr'><strong>bono</strong></span> <span class='ocrx_word' id='word_1_196' title='bbox 1924 1770 1953 1825; x_wconf 70' lang='lat' dir='ltr'>P</span> <span class='ocrx_word' id='word_1_197' title='bbox 1990 1776 2059 1826; x_wconf 90' lang='lat' dir='ltr'><strong>ut</strong></span> <span class='ocrx_word' id='word_1_198' title='bbox 2104 1767 2276 1825; x_wconf 88' lang='lat' dir='ltr'><strong>morti</strong></span> <span class='ocrx_word' id='word_1_199' title='bbox 2303 1765 2622 1840; x_wconf 89' lang='lat' dir='ltr'><strong>tradantur,</strong></span> <span class='ocrx_word' id='word_1_200' title='bbox 2654 1775 2719 1825; x_wconf 92' lang='lat' dir='ltr'><strong>ut</strong></span> <span class='ocrx_word' id='word_1_201' title='bbox 2746 1767 2874 1844; x_wconf 85' lang='lat' dir='ltr'><strong>ipsi,</strong></span> 
     </span>
     <span class='ocr_line' id='line_1_19' title="bbox 459 1840 2875 1925; baseline -0.001 -18"><span class='ocrx_word' id='word_1_202' title='bbox 459 1849 626 1923; x_wconf 81' lang='lat' dir='ltr'><strong>fame,</strong></span> <span class='ocrx_word' id='word_1_203' title='bbox 657 1848 882 1925; x_wconf 88' lang='lat' dir='ltr'><strong>laque0‚</strong></span> <span class='ocrx_word' id='word_1_204' title='bbox 915 1846 1127 1924; x_wconf 80' lang='lat' dir='ltr'><strong>gladi0,</strong></span> <span class='ocrx_word' id='word_1_205' title='bbox 1157 1856 1217 1907; x_wconf 83' lang='lat' dir='ltr'><strong>et</strong></span> <span class='ocrx_word' id='word_1_206' title='bbox 1243 1866 1410 1907; x_wconf 90' lang='lat' dir='ltr'><strong>cruce</strong></span> <span class='ocrx_word' id='word_1_207' title='bbox 1459 1840 1747 1925; x_wconf 78' lang='lat' dir='ltr'><strong>pereant.‘</strong></span> <span class='ocrx_word' id='word_1_208' title='bbox 1800 1848 1886 1906; x_wconf 90' lang='lat' dir='ltr'><strong>At</strong></span> <span class='ocrx_word' id='word_1_209' title='bbox 1912 1846 2363 1924; x_wconf 73' lang='lat' dir='ltr'><strong>praestigiatores</strong></span> <span class='ocrx_word' id='word_1_210' title='bbox 2438 1846 2717 1920; x_wconf 89' lang='lat' dir='ltr'><strong>ecuniam,</strong></span> <span class='ocrx_word' id='word_1_211' title='bbox 2750 1846 2875 1925; x_wconf 88' lang='lat' dir='ltr'><strong>glo-</strong></span> 
     </span>
     <span class='ocr_line' id='line_1_20' title="bbox 456 1925 2874 2004; baseline -0.001 -17"><span class='ocrx_word' id='word_1_212' title='bbox 456 1928 678 2004; x_wconf 89' lang='lat' dir='ltr'><strong>riolam,</strong></span> <span class='ocrx_word' id='word_1_213' title='bbox 710 1937 768 1986; x_wconf 92' lang='lat' dir='ltr'><strong>et</strong></span> <span class='ocrx_word' id='word_1_214' title='bbox 795 1927 1008 1986; x_wconf 84' lang='lat' dir='ltr'><strong>famam</strong></span> <span class='ocrx_word' id='word_1_215' title='bbox 1037 1935 1312 2004; x_wconf 87' lang='lat' dir='ltr'><strong>spectant,</strong></span> <span class='ocrx_word' id='word_1_216' title='bbox 1344 1927 1492 1985; x_wconf 85' lang='lat' dir='ltr'><strong>nihil</strong></span> <span class='ocrx_word' id='word_1_217' title='bbox 1517 1946 1721 1985; x_wconf 89' lang='lat' dir='ltr'><strong>verum</strong></span> <span class='ocrx_word' id='word_1_218' title='bbox 1750 1927 2021 2001; x_wconf 87' lang='lat' dir='ltr'><strong>efficiunt,</strong></span> <span class='ocrx_word' id='word_1_219' title='bbox 2048 1927 2150 1985; x_wconf 90' lang='lat' dir='ltr'><strong>sed</strong></span> <span class='ocrx_word' id='word_1_220' title='bbox 2178 1928 2364 1985; x_wconf 92' lang='lat' dir='ltr'><strong>oculis</strong></span> <span class='ocrx_word' id='word_1_221' title='bbox 2455 1946 2585 1985; x_wconf 92' lang='lat' dir='ltr'><strong>cum</strong></span> <span class='ocrx_word' id='word_1_222' title='bbox 2616 1925 2835 1985; x_wconf 84' lang='lat' dir='ltr'><strong>faciunt</strong></span> <span class='ocrx_word' id='word_1_223' title='bbox 2859 1950 2874 2003; x_wconf 90' lang='lat'>;</span> 
     </span>
     <span class='ocr_line' id='line_1_21' title="bbox 459 2006 2877 2085; baseline -0.001 -18"><span class='ocrx_word' id='word_1_224' title='bbox 459 2009 558 2067; x_wconf 87' lang='lat' dir='ltr'><strong>An</strong></span> <span class='ocrx_word' id='word_1_225' title='bbox 589 2008 702 2067; x_wconf 89' lang='lat' dir='ltr'><strong>tale</strong></span> <span class='ocrx_word' id='word_1_226' title='bbox 730 2007 871 2084; x_wconf 88' lang='lat' dir='ltr'><strong>quid</strong></span> <span class='ocrx_word' id='word_1_227' title='bbox 897 2007 959 2065; x_wconf 92' lang='lat' dir='ltr'><strong>in</strong></span> <span class='ocrx_word' id='word_1_228' title='bbox 990 2006 1218 2065; x_wconf 88' lang='lat' dir='ltr'><strong>Christo</strong></span> <span class='ocrx_word' id='word_1_229' title='bbox 1248 2008 1344 2066; x_wconf 91' lang='lat' dir='ltr'><strong>vel</strong></span> <span class='ocrx_word' id='word_1_230' title='bbox 1392 2007 1695 2085; x_wconf 85' lang='lat' dir='ltr'><strong>Apostolis</strong></span> <span class='ocrx_word' id='word_1_231' title='bbox 1744 2007 1934 2065; x_wconf 85' lang='lat' dir='ltr'><strong>visum</strong></span> <span class='ocrx_word' id='word_1_232' title='bbox 1952 2010 1981 2065; x_wconf 82' lang='lat'><strong>?</strong></span> <span class='ocrx_word' id='word_1_233' title='bbox 2063 2007 2161 2064; x_wconf 91' lang='lat' dir='ltr'><strong>An</strong></span> <span class='ocrx_word' id='word_1_234' title='bbox 2210 2007 2425 2066; x_wconf 88' lang='lat' dir='ltr'><strong>virtute</strong></span> <span class='ocrx_word' id='word_1_235' title='bbox 2481 2006 2709 2083; x_wconf 88' lang='lat' dir='ltr'><strong>magica</strong></span> <span class='ocrx_word' id='word_1_236' title='bbox 2751 2007 2877 2065; x_wconf 83' lang='lat' dir='ltr'><strong>haec</strong></span> 
     </span>
     <span class='ocr_line' id='line_1_22' title="bbox 459 2086 2878 2165; baseline -0.001 -17"><span class='ocrx_word' id='word_1_237' title='bbox 459 2090 652 2148; x_wconf 91' lang='lat' dir='ltr'><strong>omnia</strong></span> <span class='ocrx_word' id='word_1_238' title='bbox 678 2096 912 2165; x_wconf 86' lang='lat' dir='ltr'><strong>peracta</strong></span> <span class='ocrx_word' id='word_1_239' title='bbox 938 2106 1064 2147; x_wconf 86' lang='lat' dir='ltr'><strong>esse</strong></span> <span class='ocrx_word' id='word_1_240' title='bbox 1081 2090 1111 2146; x_wconf 69' lang='grc' dir='ltr'>Ρ</span> <span class='ocrx_word' id='word_1_241' title='bbox 1195 2087 1312 2147; x_wconf 86' lang='lat' dir='ltr'><strong>Sed</strong></span> <span class='ocrx_word' id='word_1_242' title='bbox 1341 2108 1442 2146; x_wconf 92' lang='lat' dir='ltr'><strong>cur</strong></span> <span class='ocrx_word' id='word_1_243' title='bbox 1489 2087 1641 2163; x_wconf 89' lang='lat' dir='ltr'><strong>legis</strong></span> <span class='ocrx_word' id='word_1_244' title='bbox 1688 2106 2022 2146; x_wconf 89' lang='lat' dir='ltr'><strong>mucronem</strong></span> <span class='ocrx_word' id='word_1_245' title='bbox 2066 2086 2127 2144; x_wconf 91' lang='lat' dir='ltr'><strong>in</strong></span> <span class='ocrx_word' id='word_1_246' title='bbox 2176 2106 2305 2145; x_wconf 91' lang='lat' dir='ltr'><strong>eum</strong></span> <span class='ocrx_word' id='word_1_247' title='bbox 2354 2106 2468 2145; x_wconf 90' lang='lat' dir='ltr'><strong>non</strong></span> <span class='ocrx_word' id='word_1_248' title='bbox 2514 2086 2829 2145; x_wconf 86' lang='lat' dir='ltr'><strong>exerebant</strong></span> <span class='ocrx_word' id='word_1_249' title='bbox 2848 2090 2878 2146; x_wconf 69' lang='grc' dir='ltr'>Ρ</span> 
     </span>
     <span class='ocr_line' id='line_1_23' title="bbox 459 2166 2879 2245; baseline -0.001 -17"><span class='ocrx_word' id='word_1_250' title='bbox 459 2168 576 2228; x_wconf 88' lang='lat' dir='ltr'><strong>Cur</strong></span> <span class='ocrx_word' id='word_1_251' title='bbox 604 2170 663 2226; x_wconf 91' lang='lat' dir='ltr'><strong>in</strong></span> <span class='ocrx_word' id='word_1_252' title='bbox 691 2168 818 2245; x_wconf 88' lang='lat' dir='ltr'><strong>ejus</strong></span> <span class='ocrx_word' id='word_1_253' title='bbox 845 2168 1212 2226; x_wconf 88' lang='lat' dir='ltr'><strong>accusatione</strong></span> <span class='ocrx_word' id='word_1_254' title='bbox 1235 2167 1306 2225; x_wconf 92' lang='lat' dir='ltr'><strong>de</strong></span> <span class='ocrx_word' id='word_1_255' title='bbox 1327 2167 1438 2225; x_wconf 89' lang='lat' dir='ltr'><strong>hoc</strong></span> <span class='ocrx_word' id='word_1_256' title='bbox 1457 2167 1695 2225; x_wconf 85' lang='lat' dir='ltr'><strong>crimine</strong></span> <span class='ocrx_word' id='word_1_257' title='bbox 1714 2167 1887 2225; x_wconf 89' lang='lat' dir='ltr'><strong>silent</strong></span> <span class='ocrx_word' id='word_1_258' title='bbox 1901 2169 1931 2225; x_wconf 65' lang='lat' dir='ltr'>P</span> <span class='ocrx_word' id='word_1_259' title='bbox 1952 2167 2069 2226; x_wconf 88' lang='lat' dir='ltr'><strong>Cur</strong></span> <span class='ocrx_word' id='word_1_260' title='bbox 2088 2186 2205 2225; x_wconf 91' lang='lat' dir='ltr'><strong>non</strong></span> <span class='ocrx_word' id='word_1_261' title='bbox 2226 2166 2628 2243; x_wconf 88' lang='lat' dir='ltr'><strong>deglutiuntur</strong></span> <span class='ocrx_word' id='word_1_262' title='bbox 2654 2186 2689 2224; x_wconf 90' lang='lat' dir='ltr'><strong>a</strong></span> <span class='ocrx_word' id='word_1_263' title='bbox 2710 2167 2879 2243; x_wconf 87' lang='lat' dir='ltr'><strong>virga</strong></span> 
     </span>
     <span class='ocr_line' id='line_1_24' title="bbox 457 2245 2875 2324; baseline -0.001 -17"><span class='ocrx_word' id='word_1_264' title='bbox 457 2249 737 2323; x_wconf 66' lang='lat' dir='ltr'><strong>Mosaios,</strong></span> <span class='ocrx_word' id='word_1_265' title='bbox 771 2247 874 2305; x_wconf 87' lang='lat' dir='ltr'><strong>sed</strong></span> <span class='ocrx_word' id='word_1_266' title='bbox 915 2256 1223 2324; x_wconf 89' lang='lat' dir='ltr'><strong>supersunt</strong></span> <span class='ocrx_word' id='word_1_267' title='bbox 1270 2248 1394 2305; x_wconf 82' lang='lat' dir='ltr'><strong>haec</strong></span> <span class='ocrx_word' id='word_1_268' title='bbox 1438 2246 1629 2305; x_wconf 90' lang='lat' dir='ltr'><strong>adhuc</strong></span> <span class='ocrx_word' id='word_1_269' title='bbox 1675 2246 1849 2305; x_wconf 89' lang='lat' dir='ltr'><strong>hodie</strong></span> <span class='ocrx_word' id='word_1_270' title='bbox 1898 2266 1967 2305; x_wconf 90' lang='lat' dir='ltr'><strong>ac</strong></span> <span class='ocrx_word' id='word_1_271' title='bbox 2016 2246 2217 2323; x_wconf 88' lang='lat' dir='ltr'><strong>vigent</strong></span> <span class='ocrx_word' id='word_1_272' title='bbox 2236 2248 2265 2303; x_wconf 70' lang='lat' dir='ltr'>P</span> <span class='ocrx_word' id='word_1_273' title='bbox 2348 2245 2590 2321; x_wconf 85' lang='lat' dir='ltr'><strong>Deinde,</strong></span> <span class='ocrx_word' id='word_1_274' title='bbox 2640 2266 2713 2304; x_wconf 91' lang='lat' dir='ltr'><strong>an</strong></span> <span class='ocrx_word' id='word_1_275' title='bbox 2757 2256 2875 2305; x_wconf 89' lang='lat' dir='ltr'><strong>tam</strong></span> 
     </span>
     <span class='ocr_line' id='line_1_25' title="bbox 455 2325 2878 2403; baseline 0 -18"><span class='ocrx_word' id='word_1_276' title='bbox 455 2328 694 2387; x_wconf 85' lang='lat' dir='ltr'><strong>insanus</strong></span> <span class='ocrx_word' id='word_1_277' title='bbox 722 2334 892 2385; x_wconf 90' lang='lat' dir='ltr'><strong>vetus</strong></span> <span class='ocrx_word' id='word_1_278' title='bbox 919 2325 1018 2385; x_wconf 90' lang='lat' dir='ltr'><strong>ille</strong></span> <span class='ocrx_word' id='word_1_279' title='bbox 1046 2325 1238 2401; x_wconf 88' lang='lat' dir='ltr'><strong>draco,</strong></span> <span class='ocrx_word' id='word_1_280' title='bbox 1269 2336 1336 2385; x_wconf 89' lang='lat' dir='ltr'><strong>ut</strong></span> <span class='ocrx_word' id='word_1_281' title='bbox 1363 2346 1528 2385; x_wconf 87' lang='lat' dir='ltr'><strong>suum</strong></span> <span class='ocrx_word' id='word_1_282' title='bbox 1559 2326 1740 2385; x_wconf 87' lang='lat' dir='ltr'><strong>laniet</strong></span> <span class='ocrx_word' id='word_1_283' title='bbox 1765 2336 1984 2402; x_wconf 88' lang='lat' dir='ltr'><strong>pectus,</strong></span> <span class='ocrx_word' id='word_1_284' title='bbox 2015 2326 2139 2403; x_wconf 88' lang='lat' dir='ltr'><strong>ipse</strong></span> <span class='ocrx_word' id='word_1_285' title='bbox 2183 2325 2387 2384; x_wconf 87' lang='lat' dir='ltr'><strong>volens</strong></span> <span class='ocrx_word' id='word_1_286' title='bbox 2436 2334 2495 2385; x_wconf 91' lang='lat' dir='ltr'><strong>et</strong></span> <span class='ocrx_word' id='word_1_287' title='bbox 2540 2326 2764 2402; x_wconf 89' lang='lat' dir='ltr'><strong>lubens,</strong></span> <span class='ocrx_word' id='word_1_288' title='bbox 2819 2336 2878 2386; x_wconf 91' lang='lat' dir='ltr'><strong>et</strong></span> 
     </span>
     <span class='ocr_line' id='line_1_26' title="bbox 454 2406 2877 2485; baseline -0.001 -20"><span class='ocrx_word' id='word_1_289' title='bbox 454 2408 756 2485; x_wconf 87' lang='lat' dir='ltr'><strong>imperium</strong></span> <span class='ocrx_word' id='word_1_290' title='bbox 785 2406 1061 2482; x_wconf 86' lang='lat' dir='ltr'><strong>destruat,</strong></span> <span class='ocrx_word' id='word_1_291' title='bbox 1094 2406 1306 2466; x_wconf 85' lang='lat' dir='ltr'><strong>Matth.</strong></span> <span class='ocrx_word' id='word_1_292' title='bbox 1336 2406 1422 2464; x_wconf 87' lang='lat' dir='ltr'><strong>xii</strong></span> <span class='ocrx_word' id='word_1_293' title='bbox 1446 2410 1475 2464; x_wconf 69' lang='grc' dir='ltr'>Ρ</span> <span class='ocrx_word' id='word_1_294' title='bbox 1541 2406 1643 2464; x_wconf 90' lang='lat' dir='ltr'><strong>An</strong></span> <span class='ocrx_word' id='word_1_295' title='bbox 1672 2406 1955 2465; x_wconf 89' lang='lat' dir='ltr'><strong>Diabolus</strong></span> <span class='ocrx_word' id='word_1_296' title='bbox 1984 2414 2042 2463; x_wconf 92' lang='lat' dir='ltr'><strong>et</strong></span> <span class='ocrx_word' id='word_1_297' title='bbox 2068 2406 2299 2483; x_wconf 88' lang='lat' dir='ltr'><strong>pietatis</strong></span> <span class='ocrx_word' id='word_1_298' title='bbox 2327 2414 2385 2464; x_wconf 90' lang='lat' dir='ltr'><strong>et</strong></span> <span class='ocrx_word' id='word_1_299' title='bbox 2403 2406 2726 2465; x_wconf 87' lang='lat' dir='ltr'><strong>sanctitatis</strong></span> <span class='ocrx_word' id='word_1_300' title='bbox 2754 2426 2877 2463; x_wconf 89' lang='lat' dir='ltr'><strong>ma-</strong></span> 
     </span>
     <span class='ocr_line' id='line_1_27' title="bbox 453 2484 2877 2565; baseline -0 -19"><span class='ocrx_word' id='word_1_301' title='bbox 453 2488 652 2565; x_wconf 87' lang='lat' dir='ltr'><strong>gister,</strong></span> <span class='ocrx_word' id='word_1_302' title='bbox 686 2487 785 2544; x_wconf 92' lang='lat' dir='ltr'><strong>An</strong></span> <span class='ocrx_word' id='word_1_303' title='bbox 811 2485 1082 2544; x_wconf 89' lang='lat' dir='ltr'><strong>fiduciam</strong></span> <span class='ocrx_word' id='word_1_304' title='bbox 1110 2486 1172 2543; x_wconf 89' lang='lat' dir='ltr'><strong>in</strong></span> <span class='ocrx_word' id='word_1_305' title='bbox 1202 2486 1408 2561; x_wconf 86' lang='lat' dir='ltr'><strong>Deum,</strong></span> <span class='ocrx_word' id='word_1_306' title='bbox 1439 2495 1500 2546; x_wconf 89' lang='lat' dir='ltr'><strong>et</strong></span> <span class='ocrx_word' id='word_1_307' title='bbox 1527 2485 1913 2544; x_wconf 87' lang='lat' dir='ltr'><strong>obedientiam</strong></span> <span class='ocrx_word' id='word_1_308' title='bbox 1944 2485 2307 2543; x_wconf 87' lang='lat' dir='ltr'><strong>commendat</strong></span> <span class='ocrx_word' id='word_1_309' title='bbox 2322 2487 2351 2542; x_wconf 82' lang='lat'><strong>?</strong></span> <span class='ocrx_word' id='word_1_310' title='bbox 2401 2484 2585 2543; x_wconf 86' lang='lat' dir='ltr'><strong>Totus</strong></span> <span class='ocrx_word' id='word_1_311' title='bbox 2614 2485 2877 2545; x_wconf 89' lang='lat' dir='ltr'><strong>Christus</strong></span> 
     </span>
     <span class='ocr_line' id='line_1_28' title="bbox 452 2564 2874 2643; baseline -0.001 -17"><span class='ocrx_word' id='word_1_312' title='bbox 452 2568 514 2626; x_wconf 92' lang='lat' dir='ltr'><strong>in</strong></span> <span class='ocrx_word' id='word_1_313' title='bbox 543 2588 612 2626; x_wconf 94' lang='lat' dir='ltr'><strong>eo</strong></span> <span class='ocrx_word' id='word_1_314' title='bbox 641 2574 744 2641; x_wconf 89' lang='lat' dir='ltr'><strong>est,</strong></span> <span class='ocrx_word' id='word_1_315' title='bbox 775 2574 842 2625; x_wconf 93' lang='lat' dir='ltr'><strong>ut</strong></span> <span class='ocrx_word' id='word_1_316' title='bbox 867 2565 1030 2641; x_wconf 88' lang='lat' dir='ltr'><strong>fides,</strong></span> <span class='ocrx_word' id='word_1_317' title='bbox 1063 2586 1194 2643; x_wconf 89' lang='lat' dir='ltr'><strong>spes</strong></span> <span class='ocrx_word' id='word_1_318' title='bbox 1221 2574 1282 2625; x_wconf 87' lang='lat' dir='ltr'><strong>et</strong></span> <span class='ocrx_word' id='word_1_319' title='bbox 1307 2585 1468 2625; x_wconf 89' lang='lat' dir='ltr'><strong>amor</strong></span> <span class='ocrx_word' id='word_1_320' title='bbox 1495 2566 1556 2623; x_wconf 90' lang='lat' dir='ltr'><strong>in</strong></span> <span class='ocrx_word' id='word_1_321' title='bbox 1603 2566 1793 2624; x_wconf 89' lang='lat' dir='ltr'><strong>Deum</strong></span> <span class='ocrx_word' id='word_1_322' title='bbox 1842 2564 2216 2640; x_wconf 88' lang='lat' dir='ltr'><strong>recumberet,</strong></span> <span class='ocrx_word' id='word_1_323' title='bbox 2247 2572 2306 2623; x_wconf 91' lang='lat' dir='ltr'><strong>et</strong></span> <span class='ocrx_word' id='word_1_324' title='bbox 2332 2582 2575 2641; x_wconf 88' lang='lat' dir='ltr'><strong>regnum</strong></span> <span class='ocrx_word' id='word_1_325' title='bbox 2604 2565 2733 2640; x_wconf 88' lang='lat' dir='ltr'><strong>ejus</strong></span> <span class='ocrx_word' id='word_1_326' title='bbox 2760 2574 2874 2624; x_wconf 85' lang='lat' dir='ltr'><strong>sta—</strong></span> 
     </span>
     <span class='ocr_line' id='line_1_29' title="bbox 453 2643 2875 2723; baseline 0 -18"><span class='ocrx_word' id='word_1_327' title='bbox 453 2647 734 2707; x_wconf 88' lang='lat' dir='ltr'><strong>biliretur.</strong></span> <span class='ocrx_word' id='word_1_328' title='bbox 819 2646 1082 2705; x_wconf 90' lang='lat' dir='ltr'><strong>Hoccine</strong></span> <span class='ocrx_word' id='word_1_329' title='bbox 1121 2666 1260 2705; x_wconf 85' lang='lat' dir='ltr'><strong>vero</strong></span> <span class='ocrx_word' id='word_1_330' title='bbox 1304 2646 1550 2705; x_wconf 84' lang='lat' dir='ltr'><strong>Daemon</strong></span> <span class='ocrx_word' id='word_1_331' title='bbox 1591 2664 1849 2723; x_wconf 69' lang='lat' dir='ltr'><strong>quaerere</strong></span> <span class='ocrx_word' id='word_1_332' title='bbox 1896 2644 2087 2723; x_wconf 88' lang='lat' dir='ltr'><strong>potuit</strong></span> <span class='ocrx_word' id='word_1_333' title='bbox 2130 2652 2189 2703; x_wconf 91' lang='lat' dir='ltr'><strong>et</strong></span> <span class='ocrx_word' id='word_1_334' title='bbox 2236 2643 2477 2702; x_wconf 90' lang='lat' dir='ltr'><strong>suadere</strong></span> <span class='ocrx_word' id='word_1_335' title='bbox 2497 2646 2527 2701; x_wconf 71' lang='grc' dir='ltr'>Ρ</span> <span class='ocrx_word' id='word_1_336' title='bbox 2610 2644 2875 2721; x_wconf 90' lang='lat' dir='ltr'><strong>Denique</strong></span> 
     </span>
     <span class='ocr_line' id='line_1_30' title="bbox 455 2723 2876 2803; baseline -0.002 -16"><span class='ocrx_word' id='word_1_337' title='bbox 455 2726 760 2802; x_wconf 86' lang='lat' dir='ltr'><strong>Quodnam</strong></span> <span class='ocrx_word' id='word_1_338' title='bbox 787 2726 898 2785; x_wconf 87' lang='lat' dir='ltr'><strong>hoc</strong></span> <span class='ocrx_word' id='word_1_339' title='bbox 925 2726 1134 2803; x_wconf 71' lang='lat' dir='ltr'><strong>magiae</strong></span> <span class='ocrx_word' id='word_1_340' title='bbox 1163 2745 1364 2803; x_wconf 89' lang='lat' dir='ltr'><strong>genus,</strong></span> <span class='ocrx_word' id='word_1_341' title='bbox 1395 2726 1554 2803; x_wconf 91' lang='lat' dir='ltr'><strong>quod</strong></span> <span class='ocrx_word' id='word_1_342' title='bbox 1580 2725 1733 2803; x_wconf 83' lang='lat' dir='ltr'><strong>fugit</strong></span> <span class='ocrx_word' id='word_1_343' title='bbox 1756 2725 2009 2783; x_wconf 86' lang='lat' dir='ltr'><strong>latebras</strong></span> <span class='ocrx_word' id='word_1_344' title='bbox 2036 2732 2095 2783; x_wconf 85' lang='lat' dir='ltr'><strong>et</strong></span> <span class='ocrx_word' id='word_1_345' title='bbox 2120 2724 2183 2781; x_wconf 89' lang='lat' dir='ltr'><strong>in</strong></span> <span class='ocrx_word' id='word_1_346' title='bbox 2199 2732 2461 2801; x_wconf 85' lang='lat' dir='ltr'><strong>apertum</strong></span> <span class='ocrx_word' id='word_1_347' title='bbox 2488 2723 2717 2801; x_wconf 81' lang='lat' dir='ltr'><strong>prodire</strong></span> <span class='ocrx_word' id='word_1_348' title='bbox 2744 2744 2876 2801; x_wconf 87' lang='lat' dir='ltr'><strong>ges-</strong></span> 
     </span>
     <span class='ocr_line' id='line_1_31' title="bbox 453 2803 2877 2882; baseline -0.002 -13"><span class='ocrx_word' id='word_1_349' title='bbox 453 2808 543 2882; x_wconf 86' lang='lat' dir='ltr'><strong>tit,</strong></span> <span class='ocrx_word' id='word_1_350' title='bbox 573 2807 659 2865; x_wconf 93' lang='lat' dir='ltr'><strong>nil</strong></span> <span class='ocrx_word' id='word_1_351' title='bbox 687 2815 970 2866; x_wconf 87' lang='lat' dir='ltr'><strong>secretum</strong></span> <span class='ocrx_word' id='word_1_352' title='bbox 999 2806 1110 2865; x_wconf 83' lang='lat' dir='ltr'><strong>nisi</strong></span> <span class='ocrx_word' id='word_1_353' title='bbox 1137 2805 1436 2864; x_wconf 90' lang='lat' dir='ltr'><strong>hominum</strong></span> <span class='ocrx_word' id='word_1_354' title='bbox 1465 2805 1847 2865; x_wconf 87' lang='lat' dir='ltr'><strong>conscientias</strong></span> <span class='ocrx_word' id='word_1_355' title='bbox 1876 2814 2093 2882; x_wconf 87' lang='lat' dir='ltr'><strong>petens,</strong></span> <span class='ocrx_word' id='word_1_356' title='bbox 2123 2823 2270 2881; x_wconf 88' lang='lat' dir='ltr'><strong>quas</strong></span> <span class='ocrx_word' id='word_1_357' title='bbox 2292 2803 2585 2863; x_wconf 86' lang='lat' dir='ltr'><strong>convincit</strong></span> <span class='ocrx_word' id='word_1_358' title='bbox 2604 2812 2664 2863; x_wconf 92' lang='lat' dir='ltr'><strong>et</strong></span> <span class='ocrx_word' id='word_1_359' title='bbox 2691 2804 2877 2881; x_wconf 86' lang='lat' dir='ltr'><strong>adigit</strong></span> 
     </span>
     <span class='ocr_line' id='line_1_32' title="bbox 455 2882 2551 2967; baseline -0.001 -21"><span class='ocrx_word' id='word_1_360' title='bbox 455 2888 530 2946; x_wconf 89' lang='lat' dir='ltr'><strong>ad</strong></span> <span class='ocrx_word' id='word_1_361' title='bbox 559 2885 995 2961; x_wconf 86' lang='lat' dir='ltr'><strong>confessionem,</strong></span> <span class='ocrx_word' id='word_1_362' title='bbox 1025 2886 1239 2946; x_wconf 90' lang='lat' dir='ltr'><strong>nedum</strong></span> <span class='ocrx_word' id='word_1_363' title='bbox 1269 2894 1334 2945; x_wconf 89' lang='lat' dir='ltr'><strong>ut</strong></span> <span class='ocrx_word' id='word_1_364' title='bbox 1361 2884 1580 2963; x_wconf 80' lang='lat' dir='ltr'><strong>fugiat3</strong></span> <span class='ocrx_word' id='word_1_365' title='bbox 1627 2894 1687 2945; x_wconf 89' lang='lat' dir='ltr'><strong>et</strong></span> <span class='ocrx_word' id='word_1_366' title='bbox 1710 2888 1916 2967; x_wconf 61' lang='lat' dir='ltr'><strong>⁸3va</strong></span> <span class='ocrx_word' id='word_1_367' title='bbox 1941 2910 2025 2950; x_wconf 69' lang='grc' dir='ltr'><strong>ης</strong></span> <span class='ocrx_word' id='word_1_368' title='bbox 2054 2882 2286 2961; x_wconf 52' lang='lat' dir='ltr'><strong>&amp;exim</strong></span> <span class='ocrx_word' id='word_1_369' title='bbox 2314 2892 2551 2961; x_wconf 71' lang='lat' dir='ltr'><strong>quaerat.</strong></span> 
     </span>
    </p>

    <p class='ocr_par' dir='ltr' id='par_1_3' title="bbox 454 2963 2881 4721">
     <span class='ocr_line' id='line_1_33' title="bbox 537 2963 2873 3043; baseline -0.001 -18"><span class='ocrx_word' id='word_1_370' title='bbox 537 2967 791 3026; x_wconf 87' lang='lat' dir='ltr'>XVIII.</span> <span class='ocrx_word' id='word_1_371' title='bbox 837 2968 1000 3026; x_wconf 91' lang='lat' dir='ltr'><strong>Inter</strong></span> <span class='ocrx_word' id='word_1_372' title='bbox 1027 2967 1222 3025; x_wconf 90' lang='lat' dir='ltr'><strong>omnia</strong></span> <span class='ocrx_word' id='word_1_373' title='bbox 1248 2974 1440 3025; x_wconf 88' lang='lat' dir='ltr'><strong>autem</strong></span> <span class='ocrx_word' id='word_1_374' title='bbox 1471 2966 1689 3027; x_wconf 89' lang='lat' dir='ltr'><strong>Christi</strong></span> <span class='ocrx_word' id='word_1_375' title='bbox 1720 2986 1913 3043; x_wconf 88' lang='lat' dir='ltr'><strong>opera,</strong></span> <span class='ocrx_word' id='word_1_376' title='bbox 1944 2964 2156 3043; x_wconf 88' lang='lat' dir='ltr'><strong>quibus</strong></span> <span class='ocrx_word' id='word_1_377' title='bbox 2185 2965 2297 3024; x_wconf 89' lang='lat' dir='ltr'><strong>sibi</strong></span> <span class='ocrx_word' id='word_1_378' title='bbox 2326 2963 2721 3024; x_wconf 90' lang='lat' dir='ltr'><strong>testimonium</strong></span> <span class='ocrx_word' id='word_1_379' title='bbox 2742 2983 2873 3041; x_wconf 87' lang='lat' dir='ltr'><strong>per-</strong></span> 
     </span>
     <span class='ocr_line' id='line_1_34' title="bbox 455 3044 2872 3124; baseline -0.001 -19"><span class='ocrx_word' id='word_1_380' title='bbox 455 3048 662 3121; x_wconf 88' lang='lat' dir='ltr'><strong>hibuit,</strong></span> <span class='ocrx_word' id='word_1_381' title='bbox 693 3047 916 3106; x_wconf 90' lang='lat' dir='ltr'><strong>nullum</strong></span> <span class='ocrx_word' id='word_1_382' title='bbox 947 3047 1228 3106; x_wconf 88' lang='lat' dir='ltr'><strong>illustrius</strong></span> <span class='ocrx_word' id='word_1_383' title='bbox 1257 3055 1315 3106; x_wconf 91' lang='lat' dir='ltr'><strong>et</strong></span> <span class='ocrx_word' id='word_1_384' title='bbox 1341 3046 1693 3105; x_wconf 86' lang='lat' dir='ltr'><strong>luculentius</strong></span> <span class='ocrx_word' id='word_1_385' title='bbox 1741 3046 1989 3105; x_wconf 88' lang='lat' dir='ltr'><strong>occurrit</strong></span> <span class='ocrx_word' id='word_1_386' title='bbox 2016 3046 2144 3124; x_wconf 87' lang='lat' dir='ltr'><strong>ipsa</strong></span> <span class='ocrx_word' id='word_1_387' title='bbox 2183 3044 2399 3105; x_wconf 88' lang='lat' dir='ltr'><strong>Christi</strong></span> <span class='ocrx_word' id='word_1_388' title='bbox 2426 3045 2872 3121; x_wconf 72' lang='lat' dir='ltr'><strong>Resurrectiom,</strong></span> 
     </span>
     <span class='ocr_line' id='line_1_35' title="bbox 457 3126 2879 3207; baseline -0.001 -21"><span class='ocrx_word' id='word_1_389' title='bbox 457 3148 588 3207; x_wconf 75' lang='lat' dir='ltr'><strong>quse</strong></span> <span class='ocrx_word' id='word_1_390' title='bbox 609 3128 890 3186; x_wconf 86' lang='lat' dir='ltr'><strong>invictum</strong></span> <span class='ocrx_word' id='word_1_391' title='bbox 921 3126 1030 3185; x_wconf 82' lang='lat' dir='ltr'><strong>fuit</strong></span> <span class='ocrx_word' id='word_1_392' title='bbox 1058 3135 1116 3185; x_wconf 89' lang='lat' dir='ltr'><strong>et</strong></span> <span class='ocrx_word' id='word_1_393' title='bbox 1144 3126 1468 3186; x_wconf 87' lang='lat' dir='ltr'><strong>divinitatis</strong></span> <span class='ocrx_word' id='word_1_394' title='bbox 1485 3128 1633 3205; x_wconf 89' lang='lat' dir='ltr'><strong>ejus,</strong></span> <span class='ocrx_word' id='word_1_395' title='bbox 1654 3136 1713 3185; x_wconf 92' lang='lat' dir='ltr'><strong>et</strong></span> <span class='ocrx_word' id='word_1_396' title='bbox 1729 3126 2097 3185; x_wconf 87' lang='lat' dir='ltr'><strong>mediationis</strong></span> <span class='ocrx_word' id='word_1_397' title='bbox 2124 3133 2544 3203; x_wconf 86' lang='lat' dir='ltr'><strong>argumentum,</strong></span> <span class='ocrx_word' id='word_1_398' title='bbox 2575 3144 2679 3201; x_wconf 89' lang='lat' dir='ltr'><strong>per</strong></span> <span class='ocrx_word' id='word_1_399' title='bbox 2704 3144 2879 3201; x_wconf 83' lang='lat' dir='ltr'><strong>quam</strong></span> 
     </span>
     <span class='ocr_line' id='line_1_36' title="bbox 457 3204 2873 3281; baseline -0.002 -14"><span class='ocrx_word' id='word_1_400' title='bbox 457 3215 516 3267; x_wconf 85' lang='lat' dir='ltr'><strong>et</strong></span> <span class='ocrx_word' id='word_1_401' title='bbox 545 3207 732 3264; x_wconf 90' lang='lat' dir='ltr'><strong>Filius</strong></span> <span class='ocrx_word' id='word_1_402' title='bbox 763 3206 875 3263; x_wconf 90' lang='lat' dir='ltr'><strong>Dei</strong></span> <span class='ocrx_word' id='word_1_403' title='bbox 896 3206 1128 3281; x_wconf 87' lang='lat' dir='ltr'><strong>agnitus</strong></span> <span class='ocrx_word' id='word_1_404' title='bbox 1157 3214 1247 3264; x_wconf 89' lang='lat' dir='ltr'><strong>est</strong></span> <span class='ocrx_word' id='word_1_405' title='bbox 1273 3206 1349 3264; x_wconf 95' lang='lat' dir='ltr'><strong>ab</strong></span> <span class='ocrx_word' id='word_1_406' title='bbox 1376 3206 1658 3281; x_wconf 53' lang='lat' dir='ltr'><strong>hostibus„</strong></span> <span class='ocrx_word' id='word_1_407' title='bbox 1694 3207 1903 3265; x_wconf 89' lang='lat' dir='ltr'><strong>Matth.</strong></span> <span class='ocrx_word' id='word_1_408' title='bbox 1926 3206 2132 3281; x_wconf 69' lang='lat' dir='ltr'><strong>xxvii„</strong></span> <span class='ocrx_word' id='word_1_409' title='bbox 2164 3215 2223 3264; x_wconf 90' lang='lat' dir='ltr'><strong>et</strong></span> <span class='ocrx_word' id='word_1_410' title='bbox 2250 3205 2504 3263; x_wconf 88' lang='lat' dir='ltr'><strong>creditus</strong></span> <span class='ocrx_word' id='word_1_411' title='bbox 2532 3225 2567 3262; x_wconf 85' lang='lat' dir='ltr'><strong>a</strong></span> <span class='ocrx_word' id='word_1_412' title='bbox 2587 3204 2873 3280; x_wconf 86' lang='lat' dir='ltr'><strong>fidelibus,</strong></span> 
     </span>
     <span class='ocr_line' id='line_1_37' title="bbox 458 3284 2877 3361; baseline -0.002 -16"><span class='ocrx_word' id='word_1_413' title='bbox 458 3295 518 3345; x_wconf 85' lang='lat' dir='ltr'><strong>et</strong></span> <span class='ocrx_word' id='word_1_414' title='bbox 545 3284 894 3361; x_wconf 88' lang='lat' dir='ltr'><strong>approbatus</strong></span> <span class='ocrx_word' id='word_1_415' title='bbox 923 3303 958 3341; x_wconf 85' lang='lat' dir='ltr'><strong>a</strong></span> <span class='ocrx_word' id='word_1_416' title='bbox 987 3284 1131 3360; x_wconf 90' lang='lat' dir='ltr'><strong>Deo,</strong></span> <span class='ocrx_word' id='word_1_417' title='bbox 1160 3285 1358 3343; x_wconf 87' lang='lat' dir='ltr'><strong>hostes</strong></span> <span class='ocrx_word' id='word_1_418' title='bbox 1380 3286 1695 3360; x_wconf 90' lang='lat' dir='ltr'><strong>potentiam</strong></span> <span class='ocrx_word' id='word_1_419' title='bbox 1726 3293 2029 3345; x_wconf 85' lang='lat' dir='ltr'><strong>senserunt</strong></span> <span class='ocrx_word' id='word_1_420' title='bbox 2075 3286 2391 3358; x_wconf 85' lang='lat' dir='ltr'><strong>victricem,</strong></span> <span class='ocrx_word' id='word_1_421' title='bbox 2442 3284 2644 3342; x_wconf 90' lang='lat' dir='ltr'><strong>fideles</strong></span> <span class='ocrx_word' id='word_1_422' title='bbox 2665 3284 2877 3342; x_wconf 88' lang='lat' dir='ltr'><strong>verita-</strong></span> 
     </span>
     <span class='ocr_line' id='line_1_38' title="bbox 455 3362 2875 3441; baseline -0.001 -17"><span class='ocrx_word' id='word_1_423' title='bbox 455 3374 574 3424; x_wconf 89' lang='lat' dir='ltr'><strong>tem</strong></span> <span class='ocrx_word' id='word_1_424' title='bbox 600 3362 1044 3441; x_wconf 87' lang='lat' dir='ltr'><strong>promissionum</strong></span> <span class='ocrx_word' id='word_1_425' title='bbox 1073 3364 1296 3439; x_wconf 86' lang='lat' dir='ltr'><strong>experti</strong></span> <span class='ocrx_word' id='word_1_426' title='bbox 1325 3372 1476 3436; x_wconf 90' lang='lat' dir='ltr'><strong>sunt,</strong></span> <span class='ocrx_word' id='word_1_427' title='bbox 1507 3373 1567 3422; x_wconf 89' lang='lat' dir='ltr'><strong>et</strong></span> <span class='ocrx_word' id='word_1_428' title='bbox 1596 3365 1757 3422; x_wconf 88' lang='lat' dir='ltr'><strong>Deus</strong></span> <span class='ocrx_word' id='word_1_429' title='bbox 1778 3365 2022 3441; x_wconf 67' lang='lat' dir='ltr'><strong>justitiae</strong></span> <span class='ocrx_word' id='word_1_430' title='bbox 2050 3384 2117 3422; x_wconf 90' lang='lat' dir='ltr'><strong>ac</strong></span> <span class='ocrx_word' id='word_1_431' title='bbox 2148 3364 2553 3423; x_wconf 89' lang='lat' dir='ltr'><strong>satisfactionis</strong></span> <span class='ocrx_word' id='word_1_432' title='bbox 2574 3362 2875 3440; x_wconf 88' lang='lat' dir='ltr'><strong>perfectio-</strong></span> 
     </span>
     <span class='ocr_line' id='line_1_39' title="bbox 456 3440 2877 3519; baseline -0.001 -16"><span class='ocrx_word' id='word_1_433' title='bbox 456 3464 589 3503; x_wconf 88' lang='lat' dir='ltr'><strong>nem</strong></span> <span class='ocrx_word' id='word_1_434' title='bbox 619 3440 952 3499; x_wconf 86' lang='lat' dir='ltr'><strong>declaravit.</strong></span> <span class='ocrx_word' id='word_1_435' title='bbox 1038 3441 1166 3499; x_wconf 86' lang='lat' dir='ltr'><strong>Nisi</strong></span> <span class='ocrx_word' id='word_1_436' title='bbox 1195 3442 1346 3499; x_wconf 89' lang='lat' dir='ltr'><strong>enim</strong></span> <span class='ocrx_word' id='word_1_437' title='bbox 1377 3462 1412 3499; x_wconf 88' lang='lat' dir='ltr'><strong>a</strong></span> <span class='ocrx_word' id='word_1_438' title='bbox 1441 3442 1567 3501; x_wconf 94' lang='lat' dir='ltr'><strong>Deo</strong></span> <span class='ocrx_word' id='word_1_439' title='bbox 1595 3443 1808 3501; x_wconf 89' lang='lat' dir='ltr'><strong>missus</strong></span> <span class='ocrx_word' id='word_1_440' title='bbox 1836 3443 2039 3502; x_wconf 87' lang='lat' dir='ltr'><strong>fuisset</strong></span> <span class='ocrx_word' id='word_1_441' title='bbox 2068 3444 2349 3519; x_wconf 87' lang='lat' dir='ltr'><strong>Christus,</strong></span> <span class='ocrx_word' id='word_1_442' title='bbox 2368 3444 2481 3502; x_wconf 90' lang='lat' dir='ltr'><strong>nisi</strong></span> <span class='ocrx_word' id='word_1_443' title='bbox 2508 3462 2644 3501; x_wconf 89' lang='lat' dir='ltr'><strong>vere</strong></span> <span class='ocrx_word' id='word_1_444' title='bbox 2672 3441 2877 3501; x_wconf 88' lang='lat' dir='ltr'><strong>fuisset</strong></span> 
     </span>
     <span class='ocr_line' id='line_1_40' title="bbox 459 3520 2875 3601; baseline -0 -20"><span class='ocrx_word' id='word_1_445' title='bbox 459 3522 574 3581; x_wconf 92' lang='lat' dir='ltr'><strong>Dei</strong></span> <span class='ocrx_word' id='word_1_446' title='bbox 603 3521 805 3594; x_wconf 85' lang='lat' dir='ltr'><strong>Filius,</strong></span> <span class='ocrx_word' id='word_1_447' title='bbox 835 3520 1066 3597; x_wconf 90' lang='lat' dir='ltr'><strong>qualem</strong></span> <span class='ocrx_word' id='word_1_448' title='bbox 1095 3540 1158 3579; x_wconf 89' lang='lat' dir='ltr'><strong>se</strong></span> <span class='ocrx_word' id='word_1_449' title='bbox 1184 3521 1574 3597; x_wconf 87' lang='lat' dir='ltr'><strong>profitebatur,</strong></span> <span class='ocrx_word' id='word_1_450' title='bbox 1622 3521 1728 3580; x_wconf 90' lang='lat' dir='ltr'><strong>sed</strong></span> <span class='ocrx_word' id='word_1_451' title='bbox 1769 3522 2047 3599; x_wconf 87' lang='lat' dir='ltr'><strong>impostor</strong></span> <span class='ocrx_word' id='word_1_452' title='bbox 2074 3532 2133 3581; x_wconf 89' lang='lat' dir='ltr'><strong>et</strong></span> <span class='ocrx_word' id='word_1_453' title='bbox 2158 3532 2480 3601; x_wconf 86' lang='lat' dir='ltr'><strong>usurpator,</strong></span> <span class='ocrx_word' id='word_1_454' title='bbox 2500 3543 2617 3601; x_wconf 88' lang='lat' dir='ltr'><strong>quo</strong></span> <span class='ocrx_word' id='word_1_455' title='bbox 2644 3522 2875 3581; x_wconf 87' lang='lat' dir='ltr'><strong>tandem</strong></span> 
     </span>
     <span class='ocr_line' id='line_1_41' title="bbox 456 3600 2877 3683; baseline -0.001 -20"><span class='ocrx_word' id='word_1_456' title='bbox 456 3611 627 3683; x_wconf 87' lang='lat' dir='ltr'><strong>pacto</strong></span> <span class='ocrx_word' id='word_1_457' title='bbox 653 3602 813 3660; x_wconf 90' lang='lat' dir='ltr'><strong>Deus</strong></span> <span class='ocrx_word' id='word_1_458' title='bbox 839 3602 902 3665; x_wconf 90' lang='lat' dir='ltr'><strong>in</strong></span> <span class='ocrx_word' id='word_1_459' title='bbox 929 3620 998 3659; x_wconf 92' lang='lat' dir='ltr'><strong>eo</strong></span> <span class='ocrx_word' id='word_1_460' title='bbox 1027 3600 1358 3659; x_wconf 86' lang='lat' dir='ltr'><strong>suscitando</strong></span> <span class='ocrx_word' id='word_1_461' title='bbox 1387 3602 1703 3677; x_wconf 86' lang='lat' dir='ltr'><strong>potentiam</strong></span> <span class='ocrx_word' id='word_1_462' title='bbox 1732 3621 1897 3660; x_wconf 89' lang='lat' dir='ltr'><strong>suam</strong></span> <span class='ocrx_word' id='word_1_463' title='bbox 1924 3602 2067 3660; x_wconf 86' lang='lat' dir='ltr'><strong>adeo</strong></span> <span class='ocrx_word' id='word_1_464' title='bbox 2098 3602 2347 3678; x_wconf 85' lang='lat' dir='ltr'><strong>gloriose</strong></span> <span class='ocrx_word' id='word_1_465' title='bbox 2370 3604 2733 3662; x_wconf 80' lang='lat' dir='ltr'><strong>exeruisset?</strong></span> <span class='ocrx_word' id='word_1_466' title='bbox 2777 3604 2877 3661; x_wconf 90' lang='lat' dir='ltr'><strong>An</strong></span> 
     </span>
     <span class='ocr_line' id='line_1_42' title="bbox 457 3680 2875 3758; baseline -0.002 -14"><span class='ocrx_word' id='word_1_467' title='bbox 457 3682 734 3744; x_wconf 87' lang='lat' dir='ltr'><strong>credibile</strong></span> <span class='ocrx_word' id='word_1_468' title='bbox 762 3690 850 3739; x_wconf 87' lang='lat' dir='ltr'><strong>est</strong></span> <span class='ocrx_word' id='word_1_469' title='bbox 881 3681 1070 3739; x_wconf 90' lang='lat' dir='ltr'><strong>Deum</strong></span> <span class='ocrx_word' id='word_1_470' title='bbox 1100 3700 1398 3757; x_wconf 88' lang='lat' dir='ltr'><strong>passurum</strong></span> <span class='ocrx_word' id='word_1_471' title='bbox 1429 3680 1623 3757; x_wconf 88' lang='lat' dir='ltr'><strong>fuisse,</strong></span> <span class='ocrx_word' id='word_1_472' title='bbox 1654 3690 1721 3740; x_wconf 85' lang='lat' dir='ltr'><strong>ut</strong></span> <span class='ocrx_word' id='word_1_473' title='bbox 1746 3681 1893 3740; x_wconf 87' lang='lat' dir='ltr'><strong>fides</strong></span> <span class='ocrx_word' id='word_1_474' title='bbox 1922 3681 2049 3758; x_wconf 88' lang='lat' dir='ltr'><strong>ejus</strong></span> <span class='ocrx_word' id='word_1_475' title='bbox 2076 3683 2511 3741; x_wconf 89' lang='lat' dir='ltr'><strong>resurrectionis</strong></span> <span class='ocrx_word' id='word_1_476' title='bbox 2536 3684 2653 3741; x_wconf 89' lang='lat' dir='ltr'><strong>late</strong></span> <span class='ocrx_word' id='word_1_477' title='bbox 2675 3692 2875 3742; x_wconf 85' lang='lat' dir='ltr'><strong>exten-</strong></span> 
     </span>
     <span class='ocr_line' id='line_1_43' title="bbox 454 3759 2881 3838; baseline -0.001 -15"><span class='ocrx_word' id='word_1_478' title='bbox 454 3765 701 3837; x_wconf 87' lang='lat' dir='ltr'><strong>deretur,</strong></span> <span class='ocrx_word' id='word_1_479' title='bbox 733 3770 792 3821; x_wconf 88' lang='lat' dir='ltr'><strong>et</strong></span> <span class='ocrx_word' id='word_1_480' title='bbox 818 3768 906 3820; x_wconf 89' lang='lat' dir='ltr'><strong>tot</strong></span> <span class='ocrx_word' id='word_1_481' title='bbox 931 3768 1164 3838; x_wconf 87' lang='lat' dir='ltr'><strong>tamque</strong></span> <span class='ocrx_word' id='word_1_482' title='bbox 1193 3759 1560 3819; x_wconf 89' lang='lat' dir='ltr'><strong>admirabiles</strong></span> <span class='ocrx_word' id='word_1_483' title='bbox 1581 3762 1643 3819; x_wconf 92' lang='lat' dir='ltr'><strong>in</strong></span> <span class='ocrx_word' id='word_1_484' title='bbox 1689 3762 1907 3820; x_wconf 89' lang='lat' dir='ltr'><strong>mundo</strong></span> <span class='ocrx_word' id='word_1_485' title='bbox 1955 3762 2343 3819; x_wconf 86' lang='lat' dir='ltr'><strong>convertendo</strong></span> <span class='ocrx_word' id='word_1_486' title='bbox 2371 3761 2607 3821; x_wconf 82' lang='lat' dir='ltr'><strong>effectus</strong></span> <span class='ocrx_word' id='word_1_487' title='bbox 2636 3762 2832 3821; x_wconf 89' lang='lat' dir='ltr'><strong>ederet</strong></span> <span class='ocrx_word' id='word_1_488' title='bbox 2850 3766 2881 3821; x_wconf 70' lang='grc' dir='ltr'>Ρ</span> 
     </span>
     <span class='ocr_line' id='line_1_44' title="bbox 461 3840 2875 3919; baseline -0.001 -16"><span class='ocrx_word' id='word_1_489' title='bbox 461 3845 618 3903; x_wconf 89' lang='lat' dir='ltr'><strong>Hinc</strong></span> <span class='ocrx_word' id='word_1_490' title='bbox 651 3842 884 3915; x_wconf 88' lang='lat' dir='ltr'><strong>Paulus,</strong></span> <span class='ocrx_word' id='word_1_491' title='bbox 919 3842 1086 3899; x_wconf 90' lang='lat' dir='ltr'><strong>Rom.</strong></span> <span class='ocrx_word' id='word_1_492' title='bbox 1118 3841 1156 3898; x_wconf 90' lang='lat' dir='ltr'><strong>i.</strong></span> <span class='ocrx_word' id='word_1_493' title='bbox 1187 3844 1242 3914; x_wconf 88' lang='lat'><strong>4,</strong></span> <span class='ocrx_word' id='word_1_494' title='bbox 1274 3841 1416 3901; x_wconf 91' lang='lat' dir='ltr'><strong>dicit</strong></span> <span class='ocrx_word' id='word_1_495' title='bbox 1443 3861 1593 3915; x_wconf 89' lang='lat' dir='ltr'><strong>eum,</strong></span> <span class='ocrx_word' id='word_1_496' title='bbox 1626 3842 1725 3919; x_wconf 89' lang='lat' dir='ltr'><strong>qui</strong></span> <span class='ocrx_word' id='word_1_497' title='bbox 1754 3862 1831 3901; x_wconf 85' lang='lat' dir='ltr'><strong>ex</strong></span> <span class='ocrx_word' id='word_1_498' title='bbox 1878 3840 2095 3900; x_wconf 88' lang='lat' dir='ltr'><strong>semine</strong></span> <span class='ocrx_word' id='word_1_499' title='bbox 2144 3841 2389 3899; x_wconf 88' lang='lat' dir='ltr'><strong>Davidis</strong></span> <span class='ocrx_word' id='word_1_500' title='bbox 2418 3841 2528 3900; x_wconf 84' lang='lat' dir='ltr'><strong>fuit</strong></span> <span class='ocrx_word' id='word_1_501' title='bbox 2556 3842 2875 3901; x_wconf 89' lang='lat' dir='ltr'><strong>secundum</strong></span> 
     </span>
     <span class='ocr_line' id='line_1_45' title="bbox 459 3920 2875 4004; baseline -0.001 -21"><span class='ocrx_word' id='word_1_502' title='bbox 459 3944 706 4000; x_wconf 89' lang='lat' dir='ltr'><strong>carnem,</strong></span> <span class='ocrx_word' id='word_1_503' title='bbox 740 3923 979 4004; x_wconf 68' lang='grc' dir='ltr'>ἇςισθέη-οι</span> <span class='ocrx_word' id='word_1_504' title='bbox 1013 3921 1366 3980; x_wconf 86' lang='lat' dir='ltr'><strong>declaratum</strong></span> <span class='ocrx_word' id='word_1_505' title='bbox 1395 3921 1572 3979; x_wconf 88' lang='lat' dir='ltr'><strong>fuisse</strong></span> <span class='ocrx_word' id='word_1_506' title='bbox 1603 3922 1827 3981; x_wconf 88' lang='lat' dir='ltr'><strong>solenni</strong></span> <span class='ocrx_word' id='word_1_507' title='bbox 1854 3920 2038 3980; x_wconf 88' lang='lat' dir='ltr'><strong>veluti</strong></span> <span class='ocrx_word' id='word_1_508' title='bbox 2065 3921 2313 3996; x_wconf 89' lang='lat' dir='ltr'><strong>decret0,</strong></span> <span class='ocrx_word' id='word_1_509' title='bbox 2349 3920 2613 3979; x_wconf 90' lang='lat' dir='ltr'><strong>“Filium</strong></span> <span class='ocrx_word' id='word_1_510' title='bbox 2646 3922 2757 3981; x_wconf 90' lang='lat' dir='ltr'><strong>Dei</strong></span> <span class='ocrx_word' id='word_1_511' title='bbox 2786 3942 2875 3980; x_wconf 87' lang='lat' dir='ltr'><strong>se-</strong></span> 
     </span>
     <span class='ocr_line' id='line_1_46' title="bbox 459 4000 2875 4081; baseline -0.002 -17"><span class='ocrx_word' id='word_1_512' title='bbox 459 4004 710 4064; x_wconf 87' lang='lat' dir='ltr'><strong>cundum</strong></span> <span class='ocrx_word' id='word_1_513' title='bbox 763 4003 1038 4081; x_wconf 76' lang='lat' dir='ltr'><strong>Spiritum</strong></span> <span class='ocrx_word' id='word_1_514' title='bbox 1079 4001 1548 4060; x_wconf 84' lang='lat' dir='ltr'><strong>sanctificationis</strong></span> <span class='ocrx_word' id='word_1_515' title='bbox 1585 4022 1690 4079; x_wconf 90' lang='lat' dir='ltr'><strong>per</strong></span> <span class='ocrx_word' id='word_1_516' title='bbox 1734 4001 2210 4061; x_wconf 86' lang='lat' dir='ltr'><strong>resurrectionem</strong></span> <span class='ocrx_word' id='word_1_517' title='bbox 2240 4020 2275 4057; x_wconf 87' lang='lat' dir='ltr'><strong>a</strong></span> <span class='ocrx_word' id='word_1_518' title='bbox 2300 4002 2600 4075; x_wconf 85' lang='lat' dir='ltr'><strong>mortuis,’&#39;</strong></span> <span class='ocrx_word' id='word_1_519' title='bbox 2632 4010 2690 4061; x_wconf 89' lang='lat' dir='ltr'><strong>et</strong></span> <span class='ocrx_word' id='word_1_520' title='bbox 2718 4000 2875 4076; x_wconf 88' lang='lat' dir='ltr'><strong>alibi,</strong></span> 
     </span>
     <span class='ocr_line' id='line_1_47' title="bbox 463 4080 2875 4159; baseline -0.002 -16"><span class='ocrx_word' id='word_1_521' title='bbox 463 4089 492 4143; x_wconf 95' lang='lat'>1</span> <span class='ocrx_word' id='word_1_522' title='bbox 527 4086 676 4143; x_wconf 82' lang='lat' dir='ltr'><strong>Tim.</strong></span> <span class='ocrx_word' id='word_1_523' title='bbox 705 4084 786 4142; x_wconf 85' lang='lat' dir='ltr'><strong>iii.</strong></span> <span class='ocrx_word' id='word_1_524' title='bbox 816 4086 906 4157; x_wconf 87' lang='grc'><strong>16,</strong></span> <span class='ocrx_word' id='word_1_525' title='bbox 963 4083 1340 4159; x_wconf 74' lang='lat' dir='ltr'><strong>Justtflcamm</strong></span> <span class='ocrx_word' id='word_1_526' title='bbox 1371 4081 1588 4157; x_wconf 76' lang='lat' dir='ltr'><strong>Spiritu</strong></span> <span class='ocrx_word' id='word_1_527' title='bbox 1636 4082 1916 4141; x_wconf 87' lang='lat' dir='ltr'><strong>adversus</strong></span> <span class='ocrx_word' id='word_1_528' title='bbox 1943 4100 2145 4139; x_wconf 87' lang='lat' dir='ltr'><strong>omnes</strong></span> <span class='ocrx_word' id='word_1_529' title='bbox 2172 4080 2489 4139; x_wconf 86' lang='lat' dir='ltr'><strong>calumnias</strong></span> <span class='ocrx_word' id='word_1_530' title='bbox 2517 4081 2875 4140; x_wconf 88' lang='lat' dir='ltr'><strong>adversario-</strong></span> 
     </span>
     <span class='ocr_line' id='line_1_48' title="bbox 455 4160 2873 4242; baseline -0.004 -17"><span class='ocrx_word' id='word_1_531' title='bbox 455 4185 585 4225; x_wconf 90' lang='lat' dir='ltr'><strong>rum</strong></span> <span class='ocrx_word' id='word_1_532' title='bbox 613 4184 717 4242; x_wconf 91' lang='lat' dir='ltr'><strong>per</strong></span> <span class='ocrx_word' id='word_1_533' title='bbox 744 4164 1054 4241; x_wconf 88' lang='lat' dir='ltr'><strong>gloriosam</strong></span> <span class='ocrx_word' id='word_1_534' title='bbox 1096 4162 1614 4236; x_wconf 88' lang='lat' dir='ltr'><strong>Resurrectionem,</strong></span> <span class='ocrx_word' id='word_1_535' title='bbox 1666 4182 1795 4239; x_wconf 81' lang='lat' dir='ltr'><strong>quae</strong></span> <span class='ocrx_word' id='word_1_536' title='bbox 1843 4180 1947 4239; x_wconf 89' lang='lat' dir='ltr'><strong>per</strong></span> <span class='ocrx_word' id='word_1_537' title='bbox 1998 4160 2274 4237; x_wconf 88' lang='lat' dir='ltr'><strong>Spiritum</strong></span> <span class='ocrx_word' id='word_1_538' title='bbox 2304 4161 2548 4220; x_wconf 89' lang='lat' dir='ltr'><strong>eundem</strong></span> <span class='ocrx_word' id='word_1_539' title='bbox 2580 4170 2873 4234; x_wconf 73' lang='lat' dir='ltr'><strong>aeternum,</strong></span> 
     </span>
     <span class='ocr_line' id='line_1_49' title="bbox 457 4238 2874 4323; baseline -0.005 -18"><span class='ocrx_word' id='word_1_540' title='bbox 457 4266 562 4323; x_wconf 89' lang='lat' dir='ltr'><strong>per</strong></span> <span class='ocrx_word' id='word_1_541' title='bbox 589 4265 760 4321; x_wconf 90' lang='lat' dir='ltr'><strong>quem</strong></span> <span class='ocrx_word' id='word_1_542' title='bbox 791 4264 850 4303; x_wconf 91' lang='lat' dir='ltr'><strong>se</strong></span> <span class='ocrx_word' id='word_1_543' title='bbox 881 4243 1184 4317; x_wconf 87' lang='lat' dir='ltr'><strong>obtulerat,</strong></span> <span class='ocrx_word' id='word_1_544' title='bbox 1218 4242 1372 4302; x_wconf 90' lang='lat' dir='ltr'><strong>Heb.</strong></span> <span class='ocrx_word' id='word_1_545' title='bbox 1401 4242 1483 4301; x_wconf 85' lang='lat' dir='ltr'><strong>ix.</strong></span> <span class='ocrx_word' id='word_1_546' title='bbox 1522 4246 1612 4317; x_wconf 82' lang='lat'><strong>14,</strong></span> <span class='ocrx_word' id='word_1_547' title='bbox 1645 4242 1706 4299; x_wconf 90' lang='lat' dir='ltr'><strong>id</strong></span> <span class='ocrx_word' id='word_1_548' title='bbox 1727 4250 1832 4317; x_wconf 88' lang='lat' dir='ltr'><strong>est,</strong></span> <span class='ocrx_word' id='word_1_549' title='bbox 1864 4240 2225 4300; x_wconf 81' lang='lat' dir='ltr'><strong>divinitatem</strong></span> <span class='ocrx_word' id='word_1_550' title='bbox 2254 4241 2517 4317; x_wconf 86' lang='lat' dir='ltr'><strong>contigit.</strong></span> <span class='ocrx_word' id='word_1_551' title='bbox 2572 4242 2650 4300; x_wconf 90' lang='lat' dir='ltr'><strong>Et</strong></span> <span class='ocrx_word' id='word_1_552' title='bbox 2680 4238 2874 4297; x_wconf 88' lang='lat' dir='ltr'><strong>Chris-</strong></span> 
     </span>
     <span class='ocr_line' id='line_1_50' title="bbox 457 4320 2875 4401; baseline -0.004 -16"><span class='ocrx_word' id='word_1_553' title='bbox 457 4336 553 4385; x_wconf 89' lang='lat' dir='ltr'><strong>tus</strong></span> <span class='ocrx_word' id='word_1_554' title='bbox 581 4346 698 4382; x_wconf 91' lang='lat' dir='ltr'><strong>non</strong></span> <span class='ocrx_word' id='word_1_555' title='bbox 725 4324 884 4383; x_wconf 90' lang='lat' dir='ltr'><strong>aliud</strong></span> <span class='ocrx_word' id='word_1_556' title='bbox 913 4325 1142 4401; x_wconf 90' lang='lat' dir='ltr'><strong>signum</strong></span> <span class='ocrx_word' id='word_1_557' title='bbox 1173 4324 1471 4397; x_wconf 88' lang='lat' dir='ltr'><strong>illustrius,</strong></span> <span class='ocrx_word' id='word_1_558' title='bbox 1501 4330 1560 4381; x_wconf 89' lang='lat' dir='ltr'><strong>et</strong></span> <span class='ocrx_word' id='word_1_559' title='bbox 1587 4330 1991 4399; x_wconf 90' lang='lat' dir='ltr'><strong>argumentum</strong></span> <span class='ocrx_word' id='word_1_560' title='bbox 2020 4320 2233 4379; x_wconf 89' lang='lat' dir='ltr'><strong>certius</strong></span> <span class='ocrx_word' id='word_1_561' title='bbox 2260 4321 2599 4394; x_wconf 73' lang='lat' dir='ltr'><strong>divinitati8‚</strong></span> <span class='ocrx_word' id='word_1_562' title='bbox 2626 4328 2685 4377; x_wconf 91' lang='lat' dir='ltr'><strong>et</strong></span> <span class='ocrx_word' id='word_1_563' title='bbox 2705 4338 2875 4376; x_wconf 87' lang='lat' dir='ltr'><strong>voca-</strong></span> 
     </span>
     <span class='ocr_line' id='line_1_51' title="bbox 456 4397 2874 4480; baseline -0.005 -15"><span class='ocrx_word' id='word_1_564' title='bbox 456 4404 635 4465; x_wconf 85' lang='lat' dir='ltr'><strong>tionis</strong></span> <span class='ocrx_word' id='word_1_565' title='bbox 665 4423 783 4461; x_wconf 82' lang='lat' dir='ltr'><strong>suae</strong></span> <span class='ocrx_word' id='word_1_566' title='bbox 811 4403 1062 4463; x_wconf 86' lang='lat' dir='ltr'><strong>coelestis</strong></span> <span class='ocrx_word' id='word_1_567' title='bbox 1091 4403 1272 4479; x_wconf 83' lang='lat' dir='ltr'><strong>affert,</strong></span> <span class='ocrx_word' id='word_1_568' title='bbox 1303 4422 1476 4480; x_wconf 86' lang='lat' dir='ltr'><strong>quam</strong></span> <span class='ocrx_word' id='word_1_569' title='bbox 1499 4402 1991 4477; x_wconf 87' lang='lat' dir='ltr'><strong>resurrectionem,</strong></span> <span class='ocrx_word' id='word_1_570' title='bbox 2012 4398 2217 4459; x_wconf 74' lang='lat' dir='ltr'><strong>Solvite</strong></span> <span class='ocrx_word' id='word_1_571' title='bbox 2236 4404 2499 4477; x_wconf 81' lang='lat' dir='ltr'><strong>templum</strong></span> <span class='ocrx_word' id='word_1_572' title='bbox 2520 4402 2636 4474; x_wconf 79' lang='lat' dir='ltr'><strong>hoc,</strong></span> <span class='ocrx_word' id='word_1_573' title='bbox 2668 4397 2874 4473; x_wconf 79' lang='lat' dir='ltr'><strong>inquit,</strong></span> 
     </span>
     <span class='ocr_line' id='line_1_52' title="bbox 460 4478 2873 4560; baseline -0.003 -16"><span class='ocrx_word' id='word_1_574' title='bbox 460 4485 503 4544; x_wconf 88' lang='lat' dir='ltr'><strong>J</strong></span> <span class='ocrx_word' id='word_1_575' title='bbox 507 4484 598 4543; x_wconf 90' lang='lat' dir='ltr'><strong>oh.</strong></span> <span class='ocrx_word' id='word_1_576' title='bbox 631 4482 691 4540; x_wconf 85' lang='lat' dir='ltr'><strong>ii.</strong></span> <span class='ocrx_word' id='word_1_577' title='bbox 726 4486 818 4541; x_wconf 87' lang='lat'><strong>19.</strong></span> <span class='ocrx_word' id='word_1_578' title='bbox 903 4484 947 4542; x_wconf 87' lang='lat' dir='ltr'><strong>J</strong></span> <span class='ocrx_word' id='word_1_579' title='bbox 947 4484 1132 4543; x_wconf 82' lang='lat' dir='ltr'><strong>udaeis</strong></span> <span class='ocrx_word' id='word_1_580' title='bbox 1158 4484 1567 4560; x_wconf 73' lang='lat' dir='ltr'><strong>quaerentibus,</strong></span> <span class='ocrx_word' id='word_1_581' title='bbox 1614 4482 1907 4560; x_wconf 88' lang='lat' dir='ltr'><strong>quodnam</strong></span> <span class='ocrx_word' id='word_1_582' title='bbox 1936 4482 2165 4559; x_wconf 88' lang='lat' dir='ltr'><strong>signum</strong></span> <span class='ocrx_word' id='word_1_583' title='bbox 2203 4478 2432 4554; x_wconf 84' lang='lat' dir='ltr'><strong>faceret,</strong></span> <span class='ocrx_word' id='word_1_584' title='bbox 2462 4486 2529 4537; x_wconf 88' lang='lat' dir='ltr'><strong>ut</strong></span> <span class='ocrx_word' id='word_1_585' title='bbox 2558 4478 2873 4551; x_wconf 88' lang='lat' dir='ltr'><strong>crederent,</strong></span> 
     </span>
     <span class='ocr_line' id='line_1_53' title="bbox 459 4558 2873 4639; baseline -0.004 -16"><span class='ocrx_word' id='word_1_586' title='bbox 459 4572 520 4623; x_wconf 88' lang='lat' dir='ltr'><strong>et</strong></span> <span class='ocrx_word' id='word_1_587' title='bbox 547 4562 708 4621; x_wconf 78' lang='lat' dir='ltr'><strong>tertio</strong></span> <span class='ocrx_word' id='word_1_588' title='bbox 735 4562 826 4620; x_wconf 76' lang='lat' dir='ltr'><strong>die</strong></span> <span class='ocrx_word' id='word_1_589' title='bbox 841 4563 1056 4638; x_wconf 73' lang='lat' dir='ltr'><strong>eriqam</strong></span> <span class='ocrx_word' id='word_1_590' title='bbox 1083 4565 1281 4639; x_wconf 77' lang='lat' dir='ltr'><strong>ipsum,</strong></span> <span class='ocrx_word' id='word_1_591' title='bbox 1313 4572 1372 4623; x_wconf 91' lang='lat' dir='ltr'><strong>et</strong></span> <span class='ocrx_word' id='word_1_592' title='bbox 1401 4564 1612 4624; x_wconf 87' lang='lat' dir='ltr'><strong>Matth.</strong></span> <span class='ocrx_word' id='word_1_593' title='bbox 1644 4563 1746 4622; x_wconf 89' lang='lat' dir='ltr'><strong>xii.</strong></span> <span class='ocrx_word' id='word_1_594' title='bbox 1776 4564 1875 4639; x_wconf 83' lang='lat'><strong>39,</strong></span> <span class='ocrx_word' id='word_1_595' title='bbox 1935 4561 2157 4620; x_wconf 87' lang='lat' dir='ltr'><strong>“Natio</strong></span> <span class='ocrx_word' id='word_1_596' title='bbox 2198 4560 2311 4619; x_wconf 89' lang='lat' dir='ltr'><strong>ista</strong></span> <span class='ocrx_word' id='word_1_597' title='bbox 2352 4558 2615 4617; x_wconf 85' lang='lat' dir='ltr'><strong>adultera</strong></span> <span class='ocrx_word' id='word_1_598' title='bbox 2644 4558 2873 4634; x_wconf 87' lang='lat' dir='ltr'><strong>signum</strong></span> 
     </span>
     <span class='ocr_line' id='line_1_54' title="bbox 458 4636 2877 4721; baseline -0.002 -20"><span class='ocrx_word' id='word_1_599' title='bbox 458 4642 682 4721; x_wconf 70' lang='lat' dir='ltr'><strong>quaerit,</strong></span> <span class='ocrx_word' id='word_1_600' title='bbox 713 4640 816 4699; x_wconf 86' lang='lat' dir='ltr'><strong>sed</strong></span> <span class='ocrx_word' id='word_1_601' title='bbox 844 4641 1072 4717; x_wconf 85' lang='lat' dir='ltr'><strong>signum</strong></span> <span class='ocrx_word' id='word_1_602' title='bbox 1102 4642 1261 4701; x_wconf 90' lang='lat' dir='ltr'><strong>aliud</strong></span> <span class='ocrx_word' id='word_1_603' title='bbox 1302 4664 1420 4702; x_wconf 89' lang='lat' dir='ltr'><strong>non</strong></span> <span class='ocrx_word' id='word_1_604' title='bbox 1457 4642 1689 4702; x_wconf 87' lang='lat' dir='ltr'><strong>dabitur</strong></span> <span class='ocrx_word' id='word_1_605' title='bbox 1735 4643 1865 4721; x_wconf 87' lang='lat' dir='ltr'><strong>ipsi,</strong></span> <span class='ocrx_word' id='word_1_606' title='bbox 1894 4642 2009 4701; x_wconf 89' lang='lat' dir='ltr'><strong>nisi</strong></span> <span class='ocrx_word' id='word_1_607' title='bbox 2036 4641 2267 4719; x_wconf 87' lang='lat' dir='ltr'><strong>signum</strong></span> <span class='ocrx_word' id='word_1_608' title='bbox 2316 4640 2550 4714; x_wconf 82' lang='lat' dir='ltr'><strong>Jonae,’&#39;</strong></span> <span class='ocrx_word' id='word_1_609' title='bbox 2582 4636 2709 4715; x_wconf 80' lang='lat' dir='ltr'><strong>&amp;c.,</strong></span> <span class='ocrx_word' id='word_1_610' title='bbox 2740 4638 2877 4715; x_wconf 88' lang='lat' dir='ltr'><strong>quia</strong></span> 
     </span>
    </p>
   </div>
  </div>
 </body>
</html>
