3234 5192
296 338 524 381 maru-r.
561 318 648 400 v.]
971 334 1050 377 nr.
1079 332 1292 377 'rursus
1321 331 1602 373 rasrmus
1631 330 2027 375 omnnsnnus.
2598 320 2715 379 293

290 478 495 538 innuit.
583 478 772 552 Prius,
801 474 1036 553 quando
1065 473 1206 534 dicit
1235 474 1390 547 Λέγω
1417 473 1595 533 fuisse
1626 472 1781 551 apud
1812 474 2017 550 Deum,
2042 480 2101 533 et
2144 473 2323 534 fuisse
2348 474 2554 547 Deum,
2586 495 2708 537 ver.

294 562 346 617 l.
373 558 687 630 PosteriuS,
718 576 897 635 quum
926 556 1089 614 addit
1115 574 1245 614 eum
1279 556 1466 613 Deum
1485 554 1655 613 nobis
1676 554 1981 629 revelasse,
2012 575 2135 613 ver.
2164 556 2255 613 18.
2303 554 2449 613 Dico
2468 556 2713 614 Ratione

289 640 574 711 Personae,
604 638 764 709 Λᾶγος
793 637 1055 695 internus
1083 643 1141 693 et
1169 634 1437 693 mentalis
1465 644 1568 709 est,
1601 634 1701 711 qui
1732 634 1963 710 genitus
1992 643 2080 692 est
2108 634 2182 693 ab
2211 644 2424 693 oetemo
2454 654 2489 691 a
2520 634 2709 712 Patre,

288 726 349 777 et
374 718 460 777 illi
489 727 579 777 est
607 719 928 791 similimus,
958 724 1025 774 ut
1052 715 1197 773 ratio
1225 734 1262 772 a
1288 724 1478 774 mente
1497 723 1743 789 emanat,
1769 722 1827 773 et
1844 713 2001 771 illam
2030 714 2218 791 refert,
2250 714 2404 791 quod
2436 714 2709 775 Nazianz.

291 796 449 858 Orat.
481 802 536 874 2,
569 798 641 857 de
673 798 842 871 Filio,
873 816 1004 874 quae
1021 804 1110 854 est
1137 797 1194 853 4.
1225 794 1296 853 de
1326 793 1527 853 Theol.
1559 794 1866 853 observat:
1899 794 2204 855 “Videtur
2226 795 2365 853 mihi
2395 794 2547 865 λέγος
2576 794 2709 871 dici,

290 878 428 954 quia
457 898 517 937 se
545 878 626 937 ita
653 878 830 936 habet
877 875 954 935 ad
995 876 1226 933 Patrem
1275 872 1440 948 λέγος,
1481 882 1546 933 ut
1575 892 1763 932 sermo
1793 872 1867 931 ad
1895 883 2163 949 mentem,
2194 894 2311 933 non
2338 875 2511 932 modo
2538 894 2708 953 prop·

290 965 380 1016 ter
407 958 834 1035 generationem
863 955 1146 1033 passionis
1168 966 1483 1032 expertem,
1515 952 1619 1012 sed
1667 954 1839 1012 etiam
1885 962 2117 1031 propter
2159 954 2619 1031 conjunctionem
2651 962 2711 1013 et

292 1038 411 1094 vim
441 1037 795 1110 enuntiandi,
827 1036 964 1113 quia
991 1043 1080 1094 est
1109 1035 1300 1111 imago
1329 1042 1386 1092 et
1414 1034 1711 1092 character
1736 1033 1923 1093 Patris
1951 1034 2051 1111 qui
2074 1036 2292 1111 genuit,
2316 1034 2415 1112 qui
2445 1043 2625 1093 totum
2648 1033 2709 1093 in

293 1135 356 1175 se
385 1117 514 1193 ipso
535 1117 766 1177 Patrem
797 1115 1050 1189 exhibet,
1072 1124 1136 1171 ut
1159 1134 1346 1172 sermo
1375 1114 1585 1173 mentis
1615 1113 2023 1189 cogitationem
2062 1124 2241 1173 totam
2272 1114 2705 1191 repraesentat,”

292 1194 401 1254 &Q
489 1196 686 1271 Atque
715 1199 796 1253 ita
826 1194 1012 1252 Filius
1040 1196 1176 1251 sarai
1203 1198 1258 1252 τὶ
1286 1191 1375 1252 i'ru
1404 1193 1615 1252 dicitur
1636 1194 1802 1266 λδγος,
1840 1196 1891 1250 1.
1916 1195 2135 1253 ratione
2154 1195 2443 1271 principii,
2474 1203 2708 1271 propter

293 1274 433 1333 Filii
471 1294 506 1333 a
544 1275 716 1333 Patre
755 1272 1198 1350 generationem,
1235 1282 1301 1332 ut
1343 1292 1528 1333 sermo
1551 1293 1586 1331 a
1612 1284 1803 1332 mente
1842 1272 2135 1350 gignitur3
2176 1278 2231 1333 2.
2274 1275 2495 1332 ratione
2537 1274 2704 1348 modi,

291 1362 528 1432 propter
555 1362 826 1413 aeternam
853 1352 977 1411 sine
993 1353 1257 1429 passione
1286 1362 1346 1412 et
1371 1352 1707 1412 alteratione
1738 1373 1773 1410 a
1788 1352 1955 1410 Patre
1973 1352 2410 1427 emanationem,
2433 1362 2499 1413 ut
2520 1372 2707 1413 sermo

292 1452 330 1491 a
351 1442 542 1494 mente
565 1442 770 1493 natura
791 1441 1092 1491 emanante
1109 1454 1123 1507 3
1145 1436 1200 1491 3.
1231 1434 1450 1493 ratione
1469 1432 1995 1509 repraesenmtionz'ss,
2016 1434 2152 1509 quia
2172 1432 2585 1509 perfectissime
2603 1454 2705 1491 ex·

290 1513 454 1572 hibet
474 1513 643 1572 nobis
667 1514 914 1588 Patrem,
936 1521 1002 1572 ut
1023 1532 1210 1571 sermo
1228 1521 1476 1572 mentem
1498 1535 1512 1587 ;
1544 1516 1600 1571 4.
1630 1513 1850 1571 radone
1866 1514 2275 1587 conjunctionis,
2296 1513 2432 1589 quia
2451 1522 2516 1572 ut
2544 1532 2707 1573 mens

291 1612 409 1652 non
438 1600 528 1653 est
555 1594 678 1653 sine
706 1593 921 1669 verb03
969 1592 1062 1651 Ita
1089 1612 1196 1652 nec
1229 1592 1401 1652 Pater
1445 1592 1567 1651 sine
1599 1592 1785 1667 Filio;
1832 1591 2111 1665 Quamvis
2153 1592 2451 1653 fatendum
2480 1594 2555 1653 sit
2581 1594 2707 1652 haee

289 1672 626 1751 longissime
655 1673 952 1733 subsidere
978 1672 1128 1731 infra
1154 1672 1302 1732 tanti
1319 1672 1580 1749 mysterii
1598 1672 1985 1749 Majestatem.

375 1752 460 1813 X.
489 1754 756 1813 Secundo
775 1754 986 1812 dicitur
1005 1752 1165 1825 Λόγος
1185 1778 1324 1811 κατι
1333 1758 1386 1811 τὸ
1399 1751 1500 1826 ἔξω,
1514 1754 1733 1811 ratione
1760 1752 1943 1823 Officii
1949 1762 2001 1810 et
2010 1753 2383 1829 proprietatis
2385 1752 2709 1829 personalis

295 1832 356 1890 in
385 1833 694 1911 operando.
754 1833 904 1909 Quia
931 1841 997 1892 ut
1027 1834 1202 1891 Pater
1227 1842 1499 1911 operatur
1525 1851 1629 1909 per
1644 1831 1879 1890 modum
1898 1833 2124 1891 consilii
2154 1842 2212 1892 et
2229 1832 2445 1891 decreti
2474 1834 2700 1908 interni,

299 1910 548 1990 Spiritus
578 1922 810 1973 sanctus
857 1932 961 1989 per
997 1911 1232 1971 modum
1262 1912 1514 1971 Virtutis
1542 1911 1923 1988 exequentis:
1968 1912 2061 1971 Ita
2105 1912 2293 1971 Filius
2341 1933 2443 1989 per
2468 1912 2703 1973 modum

297 1993 592 2070 sapientiae
638 2002 697 2052 et
739 1992 906 2051 verbi
951 1992 1313 2068 declarantis,
1343 2000 1468 2050 tum
1515 1991 1578 2049 in
1632 1991 1833 2050 ordine
1870 2000 2090 2051 naturae
2136 2012 2241 2069 per
2280 1992 2702 2069 providentiam

297 2072 644 2148 generalem,
695 2080 820 2130 tum
863 2072 1149 2147 praecipue
1189 2072 1248 2129 in
1298 2071 1498 2130 ordine
1539 2071 1743 2148 gratiae
1771 2071 1993 2131 ratione
2042 2070 2214 2130 officii
2260 2072 2609 2145 Mediatorii,
2641 2072 2703 2129 in

295 2169 412 2228 quo
440 2150 924 2221 quemadmodum
954 2170 1140 2209 sermo
1167 2158 1418 2210 mentem
1459 2159 1519 2209 et
1545 2150 1955 2228 cogitationem
1982 2150 2266 2210 internam
2293 2158 2703 2229 repraesentat3

299 2230 394 2288 Ita
423 2230 688 2289 Christus
731 2239 820 2288 est
851 2228 1142 2307 Interpres
1190 2231 1508 2290 voluntatis
1539 2230 1745 2305 Patris,
1796 2230 1897 2308 qui
1936 2231 2108 2290 nobis
2150 2230 2381 2290 Patrem
2430 2231 2701 2309 declarat,

300 2310 440 2369 Joh.
472 2310 509 2367 i.
545 2312 638 2383 18,
683 2318 741 2368 et
777 2329 880 2387 per
919 2330 1091 2388 quem
1139 2312 1314 2370 Pater
1340 2331 1446 2371 nos
1487 2310 1821 2389 alloquitur,
1865 2310 2021 2371 Heb.
2052 2311 2089 2371 i.
2140 2314 2193 2370 1.
2278 2313 2476 2389 Atque
2518 2330 2588 2370 ea
2631 2312 2705 2371 de

299 2410 474 2448 causa
503 2410 618 2448 non
647 2389 729 2449 ita
756 2392 982 2467 proprie
1010 2390 1171 2464 Λόγος
1199 2392 1536 2451 redderetur
1555 2412 1659 2469 per
1688 2391 1995 2450 Rationem
2020 2411 2122 2450 seu
2140 2392 2549 2469 cogitationem
2568 2392 2706 2451 sim-

299 2468 558 2546 pliciter;
591 2470 706 2529 Vel
727 2490 830 2547 pcr
858 2470 1190 2531 Orationem
1217 2480 1459 2547 tantum,
1485 2472 1623 2548 quia
1650 2471 1711 2529 in
1738 2471 1867 2529 istis
1888 2472 2131 2530 vocibus
2152 2492 2268 2530 una
2294 2479 2517 2530 tantum
2542 2472 2707 2549 σχίσας

299 2550 657 2627 exprimitur,
683 2551 788 2610 sed
831 2549 1005 2628 longe
1049 2552 1406 2611 commodius
1437 2572 1552 2627 per
1584 2553 1823 2609 Verbum
1873 2570 1975 2609 seu
2018 2570 2121 2627 per
2166 2572 2491 2626 sermonem,
2526 2552 2704 2631 (Nam

299 2630 542 2689 verbum
571 2639 630 2690 et
651 2650 969 2691 sermonem
1012 2631 1108 2691 hic
1136 2652 1253 2691 non
1281 2630 1510 2689 differre
1559 2648 1877 2705 censemus,
1909 2629 2187 2705 quicquid
2217 2630 2488 2688 Bellarm.
2520 2640 2579 2689 et
2606 2632 2707 2690 alii

302 2708 577 2789 sentiant)
597 2710 734 2787 quia
759 2718 1002 2787 uterque
1029 2720 1326 2787 respectus
1343 2709 1676 2783 includitur,
1698 2728 1831 2765 nam
1858 2710 2085 2766 verbum
2102 2709 2376 2766 internum
2401 2718 2454 2766 et
2470 2713 2709 2769 mentale

300 2788 545 2847 refertur
571 2788 648 2847 ad
677 2790 1008 2862 Personam,
1051 2791 1290 2847 Verbum
1311 2808 1450 2845 vero
1479 2796 1775 2846 externum
1795 2795 1854 2844 et
1873 2789 2035 2845 orale
2055 2786 2131 2843 ad
2159 2786 2443 2845 Officium.

385 2867 504 2924 XI.
549 2867 828 2940 Quamvis
855 2886 996 2925 vero
1023 2887 1154 2943 quae
1181 2869 1308 2925 istae
1339 2868 1502 2941 σχίσις
1531 2866 1592 2922 in
1640 2864 1807 2934 Λόγου
1848 2864 2307 2923 nomenclatione
2345 2875 2705 2940 concurrant,

301 2943 596 3004 fatendum
624 2954 818 3003 tamen
847 2945 1244 3005 secundariam
1287 2954 1512 3005 tantum
1540 2952 1598 3002 et
1640 2945 1833 3002 minus
1858 2942 2205 3019 praecipuam
2234 2962 2361 3001 esse
2403 2962 2546 3016 eam,
2578 2964 2709 3019 quse

301 3025 519 3102 petitur
544 3044 584 3082 α
601 3026 845 3083 Munere
869 3025 1094 3099 Christi,
1111 3024 1438 3101 primariam
1466 3042 1604 3081 vero
1617 3022 1842 3081 desumi
1854 3022 1927 3080 ab
1956 3022 2081 3099 ipsa
2107 3022 2272 3097 Δι’-γον
2300 3022 2709 3099 personalitate

301 3112 362 3163 et
407 3104 795 3181 generatione.
900 3103 1072 3179 Quod
1131 3103 1558 3163 observandum
1607 3110 1809 3161 contra
1838 3102 2111 3161 Socinum
2162 3105 2402 3181 ejusque
2458 3104 2709 3164 asseclas

301 3184 528 3262 impios,
580 3184 681 3263 qui
729 3185 936 3244 volunt
992 3183 1152 3255 Ao'y„
1205 3183 1322 3242 dici
1363 3192 1586 3243 tantum
1630 3182 1853 3242 ratione
1896 3183 2143 3241 munes-22³
2185 3184 2518 3259 Prophetici,
2570 3185 2709 3261 quia

305 3265 568 3324 Christus
587 3266 759 3323 homo
781 3264 831 3323 is
858 3263 983 3338 fuit,
1015 3284 1119 3340 per
1149 3266 1184 3297 “
1201 3283 1374 3341 quem
1401 3264 1651 3341 primum
1676 3264 1835 3322 Deus
1853 3262 2326 3340 perfectissimam
2347 3264 2707 3325 voluntatem

305 3364 465 3404 suam
495 3346 666 3405 nobis
695 3344 1068 3418 declaravit,”
1093 3352 1158 3403 ut
1202 3344 1378 3404 habet
1417 3344 1746 3419 Volkelius,
1777 3343 1879 3402 lib.
1908 3343 1989 3401 iii.
2020 3364 2145 3421 cap.
2174 3346 2229 3421 3,
2262 3352 2321 3404 et
2346 3344 2447 3403 lib.
2477 3365 2535 3405 v.
2580 3366 2706 3424 esp.

309 3428 402 3483 10.
487 3426 638 3483 Nam
687 3425 737 3483 si
787 3424 1051 3485 Christus
1079 3424 1211 3483 ideo
1260 3433 1484 3485 tantum
1530 3424 1818 3483 diceretur
1859 3422 2037 3498 Λόγος,
2069 3425 2205 3501 quia
2232 3423 2341 3484 fuit
2388 3424 2707 3487 voluntatis

304 3504 518 3562 divinae
547 3505 701 3581 apud
745 3503 1008 3563 homines
1057 3504 1367 3581 Interpres,
1399 3513 1596 3583 posset
1638 3505 1793 3562 idem
1834 3524 2043 3563 nomen
2076 3504 2249 3565 etiam
2278 3505 2451 3579 Mosi‚
2492 3514 2551 3564 et
2578 3506 2708 3566 aliis

303 3584 600 3661 prophetis
649 3604 753 3642 suo
801 3584 972 3643 modo
1017 3584 1210 3659 tribui,
1241 3604 1484 3662 quorum
1515 3605 1689 3662 opera
1739 3583 1900 3643 Deus
1939 3604 2081 3643 usus
2108 3594 2199 3643 est
2244 3584 2319 3643 ad
2346 3586 2705 3643 voluntatem

305 3682 466 3721 suam
512 3664 842 3723 hominibus
886 3663 1272 3741 revelandam,
1304 3665 1462 3743 quod
1509 3673 1704 3724 tamen
1748 3684 2031 3741 nusquam
2080 3664 2207 3723 fieri
2232 3664 2533 3723 videmus:
2578 3664 2709 3723 Imo

303 3762 513 3801 nomen
541 3744 652 3801 hoc
681 3744 844 3805 velut
869 3745 1160 3821 proprium
1191 3754 1250 3803 et
1290 3744 1831 3804 incommunicabile
1860 3744 2084 3805 caeteris
2112 3764 2337 3821 semper
2362 3743 2473 3819 ipsi
2502 3743 2707 3801 tribui-

303 3830 416 3882 tur.
503 3822 730 3883 Deinde
774 3844 904 3883 cum
943 3826 1122 3903 juxta
1153 3824 1424 3884 Socinum
1470 3844 1708 3884 munere
1755 3824 1867 3885 hoc
1894 3824 2231 3902 prophetico
2283 3822 2545 3882 Christus
2588 3842 2710 3881 non

301 3902 539 3981 coeperit
555 3902 793 3981 defungi
819 3904 932 3963 nisi
959 3913 1090 3983 post
1115 3904 1478 3965 nativitatem
1500 3924 1681 3980 suam,
1712 3905 1827 3963 imo
1848 3911 1907 3964 et
1927 3920 2060 3982 post
2074 3904 2420 3981 baptismum
2442 3924 2457 3976 3
2500 3922 2715 3963 nomen

300 3982 412 4043 hoc
453 3984 786 4043 initantum
813 3984 1180 4045 tribuendum
1209 3994 1363 4044 esset
1389 3984 1463 4043 ab
1491 4005 1561 4043 eo
1587 3995 1878 4062 tempore;
1922 4004 2053 4043 cum
2082 3992 2275 4043 tamen
2302 3983 2345 4042 J
2350 4002 2565 4041 oannes
2585 3982 2711 4059 jam

304 4064 378 4122 ab
421 4064 546 4141 ipso
589 4064 790 4122 mundi
831 4066 1115 4143 principio
1163 4065 1325 4136 Λόγοι
1365 4064 1544 4124 fuisse
1585 4064 1857 4137 declaret,
1906 4064 2047 4123 Joh.
2078 4064 2115 4121 i.
2165 4066 2216 4137 1,
2264 4065 2301 4096 ‘⁴
2324 4062 2398 4121 In
2426 4061 2708 4139 principio

304 4152 428 4203 erat
459 4145 718 4204 Serm0.”
804 4145 951 4204 Nam
982 4145 1140 4223 quod
1166 4145 1471 4205 haereticus
1512 4145 1625 4214 hoc
1652 4144 1727 4201 ad
1767 4144 2111 4221 principium
2141 4141 2467 4220 Evangelii,
2499 4150 2557 4200 et
2605 4162 2707 4200 no-

303 4242 438 4283 vam
466 4226 812 4285 creationem
841 4226 1052 4285 referre
1075 4226 1222 4300 vult,
1244 4224 1510 4302 pluribus
1537 4224 1857 4282 rationibus
1886 4220 2244 4299 gravissimis
2272 4220 2456 4280 refelli
2476 4230 2669 4297 potest
2693 4245 2707 4283 ε

309 4306 362 4362 1.
407 4304 556 4379 Quia
581 4324 702 4363 vox
735 4305 1011 4383 principii
1049 4304 1312 4363 absolute
1353 4304 1544 4379 posita
1583 4303 1646 4360 in
1678 4302 1973 4378 Scriptura
2013 4302 2135 4359 sine
2184 4300 2305 4361 ulla
2342 4301 2705 4379 limitatione,

305 4384 534 4461 quoties
560 4384 632 4443 de
661 4392 919 4461 tempore
949 4384 1158 4460 agitur,
1202 4382 1429 4441 initium
1458 4381 1733 4458 temporis
1762 4400 1865 4439 seu
1905 4380 2105 4439 mundi
2132 4388 2313 4457 notat,
2342 4382 2457 4441 nisi
2484 4382 2561 4441 sit
2600 4384 2709 4443 ali-

305 4463 448 4539 quid
476 4464 634 4541 quod
660 4465 878 4523 indicet
907 4483 1032 4522 eam
1073 4465 1214 4520 κατὰ
1253 4466 1304 4521 τὶ
1345 4460 1783 4537 intelligendam
1813 4480 1957 4535 esse,
1987 4460 2145 4538 quod
2172 4460 2265 4519 hic
2293 4482 2409 4521 uon
2438 4464 2705 4525 occurrit.

307 4546 364 4601 2.
409 4544 638 4603 Creatio
665 4544 769 4603 illa
795 4544 890 4603 hic
919 4542 1280 4620 intelligitur,
1303 4562 1407 4619 per
1446 4562 1618 4619 quam
1647 4541 1841 4601 omnia
1862 4541 1985 4601 sine
2012 4541 2351 4619 exceptione
2373 4542 2525 4603 facta
2553 4553 2705 4621 sunt,

307 4630 368 4681 et
407 4623 530 4699 ipse
555 4624 826 4699 mundus,
855 4624 957 4701 qui
987 4624 1276 4683 Christum
1306 4642 1420 4681 non
1465 4622 1757 4701 cognovit,
1789 4642 1910 4680 ver.
1940 4625 1996 4699 3,
2028 4630 2086 4681 et
2118 4626 2209 4699 10,
2241 4624 2399 4700 quod
2424 4624 2497 4682 de
2524 4625 2711 4701 prima
