3234 5192
333 335 580 384 msrur.
615 325 794 404 xvir]
1013 345 1091 384 m:
1121 343 1596 384 sA'rxsrAc'rxoms
1627 341 1857 384 cunrsrl
1890 343 2205 386 vsnrrsrs.
2647 326 2763 383 555

331 479 694 546 offendendo
734 486 1222 546 continuationem
1251 505 1438 564 poenae
1482 484 1543 541 in
1589 503 1651 544 se
1700 486 1981 560 accersit3
2030 493 2091 544 at
2118 485 2169 544 si
2211 505 2280 544 ea
2308 485 2521 546 virtute
2556 485 2769 563 aliquis

331 559 646 626 hominum
675 576 830 626 esset
875 567 1170 645 praeditus,
1217 575 1282 624 ut
1329 585 1562 644 poenam
1609 571 1788 623 totam
1840 566 2013 624 simul
2060 574 2119 625 et
2148 565 2325 624 semel
2374 567 2678 625 exhaurire
2707 575 2766 626 et

331 641 516 718 plene
547 646 880 707 satisfacere
907 654 1119 724 posset,
1149 646 1298 704 nihil
1325 663 1472 722 opus
1515 644 1665 704 foret
1692 665 1824 705 eum
1852 647 1912 704 in
1958 654 2235 704 aeternum
2270 645 2498 723 puniri;
2543 645 2653 704 hoc
2680 647 2765 723 ip·

335 739 474 782 sum
503 747 649 787 vero
697 728 757 786 in
786 727 1016 787 Christo
1066 725 1550 804 deprehenditur3
1594 725 1791 803 itaque
1835 725 2044 784 mirum
2082 745 2199 784 non
2228 734 2317 783 est
2364 725 2415 784 si
2458 724 2768 784 infernales

333 803 584 878 quidem
613 827 816 885 poenas
842 806 1058 881 tulerit,
1087 826 1216 865 non.
1234 813 1478 865 aeternas
1521 813 1735 883 tamen,
1768 806 1870 866 sed
1916 805 2261 883 temporales
2298 814 2357 864 et
2384 805 2550 864 brevi
2576 805 2770 864 finitas

337 892 402 941 et
431 887 882 965 circunscriptas
909 887 1114 966 spati0.

428 965 652 1028 XXV.
699 967 1032 1045 Antequam
1059 986 1294 1026 manum
1323 966 1396 1024 de
1425 966 1625 1026 tabula
1644 985 1927 1044 ponamus
1954 966 2090 1025 huic
2119 985 2193 1024 ex
2222 965 2530 1025 desertione
2562 965 2777 1024 Chresti

337 1047 536 1120 petito
567 1058 926 1125 argumentO,
971 1046 1157 1106 Aliud
1187 1067 1264 1106 ex
1303 1047 1430 1123 ipsa
1457 1046 1720 1122 ejusdem
1750 1057 1928 1106 morte
1955 1054 2214 1106 attexere
2240 1047 2400 1121 libet,
2431 1065 2547 1122 quo
2570 1045 2772 1105 eadem

341 1127 766 1188 satisfactionis
810 1129 1026 1188 veritas
1070 1126 1504 1186 evidentissime
1552 1126 1866 1204 colligitur.
1954 1127 2018 1185 Si
2067 1126 2331 1186 Christus
2374 1135 2617 1185 mortem
2666 1145 2773 1204 pro

340 1203 686 1268 hominibus
713 1209 865 1284 tulit,
913 1208 1114 1285 utique
1159 1216 1218 1266 et
1261 1227 1365 1284 pro
1409 1208 1665 1284 ipsorum
1710 1206 1963 1284 peccatis
2009 1205 2319 1282 satisfecit3
2346 1201 2540 1266 'Ratio
2568 1225 2770 1267 conse-

343 1289 608 1360 quentiae
629 1288 848 1365 duplici
868 1286 1242 1347 fundamento
1271 1288 1508 1346 nititur:
1528 1286 1789 1345 Primum
1806 1295 1895 1346 est
1915 1287 2073 1364 quod
2100 1305 2255 1346 mors
2277 1294 2365 1345 est
2386 1307 2557 1363 poena
2585 1295 2643 1345 et
2672 1286 2774 1346 sti·

345 1367 634 1440 pendium
661 1369 899 1445 peccati,
934 1368 1141 1445 Itaque
1167 1367 1270 1444 qui
1298 1386 1426 1425 eam
1453 1365 1581 1440 fert,
1611 1387 1842 1444 poenam
1870 1367 2094 1445 peccati
2139 1366 2285 1426 ferre
2313 1366 2637 1425 censendus
2664 1375 2771 1426 est.

345 1443 627 1507 Alterum
673 1447 831 1525 quod
874 1447 1138 1507 Christus
1185 1450 1488 1528 &drogum-,0
1515 1466 1632 1506 non
1676 1456 1901 1506 tantum
1948 1447 2139 1524 potuit
2175 1466 2404 1524 poenam
2450 1466 2575 1506 eam
2604 1446 2770 1522 ferre,

349 1526 462 1586 sed
485 1537 545 1587 et
559 1527 809 1606 perferre
839 1537 897 1587 et
925 1527 1248 1602 exhaurire,
1278 1536 1511 1606 propter
1557 1547 1839 1586 summam
1885 1547 2049 1586 suam
2098 1527 2441 1604 dignitatem
2484 1536 2544 1586 et
2570 1535 2772 1604 poten·

347 1605 498 1666 tiam
524 1630 538 1678 3
584 1609 744 1686 Ergo
772 1616 1016 1667 mortem
1043 1607 1280 1666 ferendo
1307 1617 1374 1666 ut
1399 1627 1648 1684 poenam,
1680 1627 1807 1666 eam
1835 1607 2008 1667 etiam
2043 1607 2347 1684 absorpsit,
2393 1615 2451 1666 et
2480 1607 2562 1666 sic
2606 1608 2775 1684 plene

345 1705 460 1762 pro
489 1689 658 1748 nobis
702 1688 999 1748 satisfecit.
1048 1688 1308 1763 SocinuS‚
1329 1686 1430 1745 lib.
1462 1687 1544 1746 iii.
1565 1688 1637 1746 de
1668 1695 1880 1747 servat.
1912 1707 1961 1746 c.
1994 1691 2048 1762 7,
2086 1687 2327 1746 subdole
2370 1697 2772 1764 argumentum

349 1777 621 1828 nostrum
647 1769 933 1847 proponit,
965 1777 1032 1828 ut
1058 1789 1126 1827 eo
1153 1767 1380 1828 facilius
1409 1768 1530 1826 vim
1547 1767 1911 1846 ejus'eludat,
1943 1767 2025 1826 ita
2052 1768 2203 1826 enim
2227 1787 2333 1827 nos
2361 1767 2585 1827 inducit
2605 1787 2777 1845 argu·-

351 1859 700 1924 mentantes,
734 1849 1075 1926 Quicunque
1112 1848 1370 1924 moritur,
1391 1857 1492 1908 aut
1527 1868 1633 1926 pro
1663 1849 1783 1908 suis
1822 1857 1923 1908 aut
1942 1868 2046 1926 pro
2075 1848 2280 1908 alienis
2322 1849 2575 1926 peccatis
2604 1849 2774 1907 mori—

353 1936 472 2004 tur,
504 1939 565 1989 at
593 1929 857 1988 Christus
885 1948 1002 1987 non
1031 1950 1136 2007 pro
1165 1929 1283 1988 suis
1312 1948 1442 2005 quae
1469 1929 1633 1988 nulla
1652 1929 1713 1988 in
1740 1929 1868 2006 ipso
1885 1929 2119 1988 fuerunt
2171 1928 2317 1988 mori
2361 1929 2549 2006 potuit
2576 1949 2777 2006 pecca·

355 2010 454 2083 tis,
489 2009 648 2086 Ergo
677 2027 780 2085 pro
807 2009 1038 2068 nostris·
1090 2009 1184 2066 Ita
1217 2017 1402 2066 totum
1445 2007 1614 2067 facile
1664 2009 1929 2068 concedit
1972 2018 2375 2085 argumentum
2413 2010 2579 2085 quasi
2634 2007 2780 2068 nihil

359 2097 564 2147 contra
591 2107 654 2146 se
695 2087 928 2162 facienS,
960 2087 1061 2163 qui
1089 2085 1386 2145 contendit
1429 2088 1604 2145 etiam
1636 2089 1927 2146 Christum
1972 2106 2077 2163 pro
2119 2089 2373 2164 peccatis
2416 2089 2646 2163 nostrie,
2699 2089 2777 2148 id.

363 2170 666 2226 eorundem
685 2187 858 2224 causa
878 2176 1168 2224 mortuum
1191 2185 1335 2223 esse.
1369 2165 1486 2224 Sed
1506 2186 1580 2224 ne
1601 2167 1843 2224 ulterius
1864 2165 2058 2224 fucum
2086 2165 2261 2225 faciat
2287 2166 2348 2226 in
2375 2168 2781 2244 praepositione

365 2249 488 2305 Pro
533 2247 606 2304 dc
651 2247 817 2324 cujus
866 2265 1004 2302 vero
1050 2264 1224 2303 sensu
1267 2243 1486 2303 dictum
1513 2245 1625 2304 fuit
1651 2264 1687 2303 a
1713 2245 1883 2304 nobis
1929 2245 2160 2322 Disput.
2204 2245 2302 2322 iv.,
2348 2247 2431 2304 sic
2472 2267 2781 2324 argumen-

365 2336 492 2386 tum
519 2326 849 2400 formamuS,
883 2325 997 2399 Qui
1025 2332 1266 2384 mortem
1295 2325 1542 2384 sustinet
1560 2325 1783 2403 peccati
1810 2344 2057 2402 poenam,
2079 2345 2205 2383 eam
2232 2327 2496 2404 sustinet,
2522 2328 2621 2386 vel
2646 2349 2779 2406 pec-

369 2408 483 2466 cati
512 2406 605 2466 sui
627 2425 874 2484 poenam,
907 2405 1004 2464 vel
1031 2405 1222 2481 alieni,
1267 2403 1354 2464 At
1383 2404 1647 2465 Christus
1686 2405 1959 2466 sustinuit
2005 2414 2247 2464 mortem
2274 2427 2506 2486 poenam
2538 2409 2779 2487 peccati,

372 2488 443 2546 E.
473 2487 570 2547 vel
599 2486 706 2562 sui,
738 2487 834 2544 vel
863 2485 1054 2562 alieni,
1084 2507 1202 2544 non
1229 2484 1337 2562 sui,
1371 2486 1441 2544 E.
1471 2485 1662 2561 alieni,
1696 2486 1820 2546 scil.
1849 2487 2049 2546 nostri.

452 2568 702 2627 XXVI.
734 2567 915 2626 Varia
941 2567 1036 2626 hic
1054 2567 1272 2644 excipit
1291 2565 1693 2626 adversarius:
1740 2570 1817 2626 1⁰.
1849 2568 2088 2627 Falsum
2124 2587 2252 2627 esse
2279 2577 2523 2629 mortem
2552 2589 2781 2628 omnem

370 2669 497 2709 esse
551 2648 774 2728 peccati
819 2668 1082 2728 poenam3
1126 2667 1260 2705 nam
1309 2647 1419 2705 hoc
1462 2666 1651 2724 neque
1692 2646 1753 2704 in
1784 2657 1958 2706 morte
2002 2650 2261 2708 naturali
2304 2669 2489 2726 neque
2546 2651 2607 2708 in
2655 2653 2779 2709 vio-

365 2730 526 2790 lenta
576 2730 772 2789 locum
823 2730 1038 2788 habere
1065 2747 1268 2806 posse.;
1316 2727 1449 2786 Non
1477 2727 1538 2784 in
1581 2728 1841 2786 naturali
1880 2727 2039 2804 quod
2065 2747 2135 2786 ea
2176 2747 2293 2787 non
2336 2729 2413 2788 sit
2437 2731 2781 2807 peccatisti-

367 2810 660 2887 pendium,
693 2810 796 2868 sed
823 2817 1042 2878 naturae
1087 2817 1300 2866 nostrae
1347 2827 1522 2885 quam
1564 2807 1811 2884 ipsemet
1838 2805 2105 2865 Adamus
2141 2807 2201 2864 in
2246 2808 2533 2868 creatione
2561 2811 2785 2886 accepit

368 2889 602 2966 propria
645 2888 894 2966 sequela,
929 2889 1072 2947 Cum
1118 2889 1272 2946 enim
1321 2908 1530 2966 corpus
1550 2887 1797 2946 animale
1831 2887 2098 2946 habuerit
2138 2895 2199 2945 et
2245 2907 2321 2944 ex
2348 2887 2587 2963 pulvere
2616 2899 2783 2948 terrae

369 2967 696 3044 formatum,
729 2969 971 3027 mortale
999 2967 1176 3026 fuisse
1205 2975 1412 3026 natura
1441 2987 1562 3026 sua.
1617 2972 1699 3026 2⁰.
1747 2967 1880 3024 Hoc
1930 2966 2103 3025 etiam
2146 2985 2223 3024 ex
2268 2987 2337 3026 eo
2382 2967 2581 3044 colligi
2624 2969 2781 3046 quod

371 3047 757 3124 Christus'qui
775 3049 848 3106 ab
877 3047 1035 3106 omni
1061 3067 1296 3124 prorsus
1325 3056 1580 3126 peccat0,
1611 3047 1651 3106 i.
1682 3067 1732 3106 e.
1762 3046 1985 3124 peccati
2009 3065 2181 3123 poena
2209 3054 2267 3106 et
2294 3055 2475 3121 reatu,
2505 3067 2611 3106 nos
2637 3049 2781 3108 libe-

371 3127 542 3202 ravit,
590 3136 834 3186 mortem
881 3135 1077 3186 tamen
1119 3127 1268 3185 hanc
1311 3127 1633 3188 naturalem
1681 3147 1799 3186 non
1842 3126 2073 3201 ademit,
2120 3127 2223 3186 sed
2270 3135 2495 3186 tantum
2539 3137 2785 3187 mortem

375 3215 647 3266 aeternam
689 3215 750 3266 et
773 3207 1057 3266 moriendi
1091 3207 1529 3284 necessitatem;
1561 3209 1769 3296 Itaque
1808 3206 2097 3266 Christum
2136 3209 2385 3267 naturali
2428 3208 2565 3268 huic
2612 3210 2787 3268 morti

375 3308 605 3366 quoque
651 3287 974 3365 subjectum
1023 3287 1218 3364 fuisse,
1268 3308 1386 3349 non
1433 3287 1669 3367 quidem
1714 3296 1948 3367 propter
1990 3296 2227 3365 peccata
2272 3290 2394 3348 ulla
2420 3290 2518 3349 vel
2554 3311 2661 3350 sua
2686 3291 2787 3350 vel

375 3370 581 3445 aliena,
614 3368 718 3428 sed
744 3369 881 3446 quia
906 3369 1080 3427 homo
1116 3377 1288 3429 natus
1315 3377 1454 3446 erat,
1489 3371 1785 3429 Mortuum
1815 3367 2051 3447 quidem
2098 3389 2225 3428 esse
2272 3379 2505 3448 propter
2547 3381 2787 3448 peccata

373 3459 590 3525 nostra,
622 3469 736 3508 non
765 3457 1050 3526 quatenus
1077 3448 1166 3508 illi
1193 3450 1425 3527 alioqui,
1457 3459 1763 3528 postquam
1799 3451 1973 3508 homo
2001 3459 2171 3510 natus
2199 3449 2402 3528 fuerat,
2448 3453 2787 3513 naturaliter

377 3530 738 3589 moriendum
768 3537 907 3602 erat,
933 3529 1037 3588 sed
1065 3538 1348 3606 quatenus
1371 3531 1683 3590 violentam
1706 3539 1949 3590 mortem
1972 3531 2151 3590 subiit
2169 3532 2389 3591 volens.
2422 3535 2499 3590 3⁰.
2533 3533 2784 3592 Mortem

375 3611 698 3669 naturalem
724 3628 842 3668 non
869 3627 996 3668 esse
1023 3629 1252 3686 poenam
1282 3630 1356 3668 ex
1386 3630 1454 3668 eo
1481 3610 1719 3688 liquere,
1751 3610 1908 3687 quod
1934 3610 2135 3668 fideles
2164 3611 2421 3687 quotidie
2448 3612 2783 3688 moriantur,

373 3710 484 3748 nec
509 3697 705 3748 tamen
727 3696 968 3748 mortem
990 3697 1056 3749 ut
1073 3709 1302 3767 poenam
1329 3690 1550 3766 peccati
1569 3691 1661 3748 sui
1688 3689 1891 3749 ferant.
1934 3693 2015 3748 4⁰.
2047 3690 2178 3748 Non
2198 3691 2371 3751 etiam
2389 3691 2447 3749 in
2468 3701 2643 3748 morte
2669 3693 2784 3750 vio-

378 3772 530 3828 lenta
557 3789 784 3847 semper
810 3769 1086 3844 obtinere,
1127 3777 1194 3828 ut
1236 3770 1564 3846 quicunque
1609 3789 1735 3828 eam
1784 3769 2049 3844 sustinet,
2081 3770 2227 3828 ferat
2276 3791 2401 3829 eam
2447 3779 2512 3828 ut
2555 3791 2787 3848 poenam

375 3849 600 3927 peccati
644 3849 742 3908 vel
786 3849 876 3908 sui
916 3849 1015 3908 vel
1057 3848 1247 3925 alieni,
1291 3849 1739 3908 innumerabiles
1787 3849 1940 3908 enim
1988 3851 2239 3926 reperiri,
2275 3851 2377 3927 qui
2420 3869 2527 3909 nec
2554 3860 2789 3928 propter

377 3949 483 3988 sua
509 3949 616 3988 nec
637 3938 872 4007 propter
897 3938 1135 4007 peccata
1161 3930 1350 3989 aliena
1375 3929 1812 4002 interficiuntur,
1844 3927 2046 4006 quales
2094 3930 2217 3987 sine
2247 3929 2424 3989 dubio
2474 3939 2608 3990 sunt
2635 3950 2785 3990 mar-

376 4017 537 4086 tyres
569 4011 680 4069 Dei
708 4021 767 4070 et
797 4010 1011 4070 Christi
1039 4030 1253 4084 omnes,
1285 4009 1694 4087 etquicunque
1720 4009 2057 4068 innocentes
2094 4029 2226 4068 cum
2255 4010 2371 4068 sint
2413 4019 2605 4069 tamen
2636 4012 2784 4070 occi-

377 4090 609 4149 duntur.
645 4091 797 4150 Soci.
827 4090 888 4148 li.
917 4091 998 4148 iii.
1028 4088 1101 4149 de
1133 4091 1332 4150 Serva.
1362 4111 1412 4149 c.
1438 4095 1493 4160 7,
1523 4093 1580 4149 8.

459 4170 747 4229 XXVII.
772 4170 890 4230 Sed
909 4171 1056 4228 nihil
1075 4171 1170 4230 hic
1193 4179 1282 4230 est
1301 4179 1494 4230 tamen
1512 4168 1671 4248 quod
1691 4167 1859 4228 facile
1880 4168 2065 4228 refelli
2086 4189 2203 4228 non
2222 4171 2424 4247 possit.
2452 4173 2527 4229 1⁰.
2563 4171 2786 4248 Suppo-

378 4249 536 4309 nitur
553 4251 736 4328 gratis
753 4261 986 4310 mortem
1003 4241 1255 4328 aliquam
1278 4251 1402 4309 dari
1419 4252 1757 4325 naturalem,
1778 4269 1909 4326 quae
1929 4269 2046 4308 non
2065 4249 2141 4308 sit
2166 4251 2388 4327 peccati
2396 4250 2784 4328 stipendium,

379 4329 485 4389 sed
509 4340 732 4390 naturae
763 4331 1014 4408 sequela,
1046 4331 1202 4408 quod
1229 4335 1417 4410 πςότον
1443 4339 1532 4391 est
1559 4331 1688 4409 ejus
1730 4327 1943 4407 ψιῢδοςς
1988 4331 2111 4388 Nos
2158 4339 2360 4390 contra
2390 4331 2609 4389 nullam
2636 4351 2787 4390 mor·

378 4420 495 4470 tem
527 4431 830 4470 censemus
857 4412 1176 4471 naturalem
1206 4411 1321 4470 dici
1347 4431 1518 4488 posse
1545 4419 1785 4471 eatenus
1811 4419 1879 4470 ut
1905 4419 2124 4470 naturae
2166 4410 2408 4488 integrae
2432 4412 2507 4470 sit
2534 4414 2787 4490 sequela,

379 4490 483 4550 sed
513 4511 744 4552 omnem
792 4512 918 4550 esse
965 4491 1281 4550 violentam
1329 4512 1404 4550 ex
1456 4492 1567 4552 Dei
1606 4491 1831 4570 judicio
1859 4499 2309 4570 promanantem.
2378 4495 2427 4550 1.
2450 4492 2599 4567 Quia
2628 4494 2789 4553 Deus

374 4570 600 4632 homini
627 4581 868 4633 mortem
897 4572 961 4630 in
985 4571 1208 4650 peccati
1255 4593 1484 4650 poenam
1513 4573 1897 4632 comminatus
1934 4581 2039 4647 est,
2072 4572 2222 4632 Gen.
2252 4572 2313 4632 ii.
2347 4577 2439 4650 17,
2473 4577 2510 4608 ‘⁴
2531 4595 2647 4652 quo
2696 4574 2791 4634 die

377 4653 715 4731 comederiS,
746 4661 930 4713 morte
959 4653 1272 4730 morieriS,’'
1302 4673 1432 4731 quae
1458 4654 1639 4713 verba
1668 4674 1799 4712 cum
1828 4652 2123 4712 indefinite
2151 4653 2461 4731 loquantur
2488 4655 2560 4715 de
2587 4665 2789 4732 morte,
