3234 5192
324 359 556 402 Disru‘r.
586 336 701 420 v1.]
1054 356 1281 397 NOSTRA
1314 358 1390 399 AB
1420 359 1705 399 eccm-:sm
1735 360 2006 401 nomam.
2634 342 2744 399 141

410 500 637 561 XXX.
671 497 871 557 Facile
888 504 1083 557 tamen
1122 498 1199 557 ad
1235 500 1429 559 omnia
1456 501 1854 578 respondetur.
1903 501 2003 561 Ad
2037 503 2064 560 1
2098 520 2248 577 resp.
2273 499 2748 577 distinguendam

329 604 455 644 esse
501 578 1031 657 interpretationem
1078 579 1388 657 allegoriae,
1436 600 1565 657 quae
1606 602 1726 640 non
1773 590 1966 660 potest
1992 580 2225 640 aliunde
2269 580 2612 656 confirmari,
2645 600 2751 639 nec

332 664 447 723 alia
474 662 695 720 ratione
724 658 944 733 nititur,
974 678 1148 736 quam
1198 680 1356 719 mero
1400 661 1640 720 arbitrio
1685 662 2033 739 interpretari,
2079 661 2152 720 ab
2183 680 2252 719 ea
2278 680 2408 737 quae
2435 662 2646 739 partim
2675 680 2752 718 ex

336 744 631 820 Scriptura
674 746 871 818 aperte
920 738 1305 816 confirmatur,
1347 742 1557 819 partim
1606 762 1682 801 ex
1712 742 1838 819 ipso
1867 751 2082 801 eventu
2107 740 2471 819 intelligitur.
2539 741 2754 799 Fateor

333 824 542 903 prioris
560 819 855 897 allegoriae
874 838 1195 878 sermonem
1218 840 1345 879 esse
1369 822 1808 897 subobscurum,
1845 832 1904 881 et
1939 823 2052 881 hoc
2075 840 2246 881 sensu
2270 840 2406 879 vere
2428 820 2562 895 dici,
2587 820 2749 880 theo·

333 903 550 981 logiam
596 899 968 977 allegoricam
1023 920 1139 958 non
1191 920 1317 959 esse
1363 903 1906 979 argumentativam.
1993 900 2109 959 Sed
2159 900 2350 977 quoad
2378 900 2755 978 posteriorem

335 984 504 1043 aliter
530 1002 591 1040 se
614 1000 707 1039 res
736 980 947 1053 habet3
993 979 1137 1039 alias
1170 980 1507 1058 Apostolus,
1538 983 1638 1059 qui
1668 982 1840 1041 toties
1869 1002 1944 1041 ex
1991 980 2272 1058 allegoria
2299 988 2751 1058 argumentatur,

334 1084 452 1123 non
498 1062 681 1121 solide
726 1059 1101 1119 ratiocinatus
1149 1060 1369 1137 fuisset,
1414 1081 1522 1121 nec
1566 1062 1608 1122 J
1613 1082 1846 1139 oannes,
1900 1061 2086 1139 Apoc.
2117 1061 2156 1119 i.
2187 1063 2243 1136 3,
2274 1061 2477 1119 beatos
2515 1060 2750 1136 diceret,

337 1144 439 1221 qui
466 1143 671 1219 legunt
698 1148 757 1199 et
785 1139 1045 1216 audiunt,
1077 1159 1207 1217 quae
1235 1142 1295 1199 in
1322 1142 1432 1201 hac
1460 1143 1764 1220 prophetia
1791 1150 2205 1220 proponuntur,
2236 1160 2367 1217 quae
2395 1140 2649 1199 maxima
2675 1160 2753 1199 ex

336 1231 499 1302 parte
527 1220 841 1298 allegorica
868 1227 1019 1279 sunt.
1103 1220 1148 1281 J
1150 1240 1243 1279 am
1271 1221 1607 1281 mandatum
1636 1222 1888 1281 exeundi
1931 1220 2236 1297 Babylone
2264 1221 2346 1279 ita
2367 1230 2456 1279 est
2482 1220 2752 1297 allegori-

340 1324 490 1379 cum,
513 1311 579 1361 ut
607 1322 683 1361 ex
710 1300 835 1378 ipsa
867 1300 1163 1377 Scriptura
1188 1302 1512 1361 luculenter
1534 1302 1918 1378 confirmetur,
1951 1310 2010 1361 et
2051 1320 2124 1359 ex
2155 1301 2283 1378 ipso
2311 1308 2525 1359 eventu
2552 1301 2752 1359 claris·

342 1384 486 1443 sime
515 1380 932 1459 comprobetur,
963 1388 1029 1440 ut
1056 1389 1227 1439 antea
1246 1382 1457 1441 visum.

426 1460 685 1521 XXXI.
730 1460 828 1518 Ad
857 1461 895 1516 2
935 1480 1085 1538 resp.
1128 1462 1239 1521 hoe
1277 1482 1395 1520 non
1438 1470 1555 1521 tam
1586 1468 1790 1521 contra
1843 1479 1967 1536 nOS,
2026 1479 2198 1540 quam
2230 1468 2430 1518 contra
2475 1458 2754 1536 Spiritum

347 1542 623 1603 Sanctum
652 1540 783 1615 dici,
814 1541 913 1617 qui
954 1560 1227 1618 expresse
1260 1541 1430 1619 jubet
1472 1541 1650 1601 exire.
1737 1542 1966 1616 Fateor,
2013 1541 2061 1599 si
2105 1538 2376 1616 Babylon
2419 1538 2608 1597 sanari
2649 1558 2752 1616 po-

343 1624 549 1683 tuisset
576 1621 673 1679 vel
700 1621 999 1696 voluisset,
1022 1641 1141 1679 non
1167 1622 1345 1681 fuisse
1374 1621 1770 1697 deserendam,
1803 1621 1907 1680 sed
1935 1620 2352 1698 corrigendam.
2461 1618 2578 1679 Sed
2619 1618 2756 1697 quia

342 1702 675 1763 curavimus
744 1701 1126 1777 Babylonem,
1174 1711 1233 1761 et
1274 1702 1461 1762 noluit
1502 1702 1630 1780 ipsa
1672 1701 1878 1776 curari,
1923 1701 2040 1759 imo
2083 1720 2202 1759 non
2248 1699 2421 1758 modo
2465 1699 2754 1757 medicum

341 1782 650 1857 recusavit,
682 1781 786 1839 sed
816 1781 874 1838 in
902 1781 1159 1841 medicos
1188 1802 1325 1841 suos
1353 1782 1686 1857 insurrexit,
1718 1792 1776 1841 et
1805 1780 1955 1840 ferro
1984 1792 2042 1840 et
2069 1779 2302 1839 flamma
2327 1799 2428 1837 eos
2456 1787 2760 1857 persecuta

343 1872 449 1939 est,
480 1861 621 1941 quid
651 1868 962 1939 supererat,
988 1881 1162 1938 quam
1209 1873 1277 1922 ut
1320 1882 1448 1921 eam
1476 1872 1752 1941 tanquam
1780 1861 2162 1921 insanabilem
2193 1868 2250 1919 et
2279 1860 2638 1938 desperatam
2668 1879 2755 1918 re-

343 1944 753 2021 linqueremus,
780 1950 839 2000 et
867 1942 1041 2000 saluti
1062 1942 1267 2001 saltem
1295 1951 1509 2003 nostrae
1535 1942 1994 2021 prospiceremus
2010 1944 2039 2000 ?
2079 1950 2144 1999 ut
2171 1941 2266 1999 bic
2295 1960 2431 1999 vere
2460 1940 2760 2017 impletum

348 2024 439 2100 sit,
464 2022 621 2101 quod
639 2022 801 2090 ‚olim
843 2021 916 2080 de
958 2022 1141 2081 veteri
1166 2022 1469 2100 Babylone
1498 2022 1788 2082 Jeremias
1817 2022 2062 2097 dixerat,
2110 2021 2152 2081 J
2156 2041 2235 2080 er.
2265 2020 2326 2081 li.
2358 2022 2413 2094 9,
2462 2023 2498 2052 “
2522 2020 2762 2078 Curavi-

346 2123 475 2163 mus
505 2102 888 2179 Babylonem,
920 2110 977 2161 et
1005 2102 1190 2161 noluit
1220 2102 1444 2178 sanari;
1476 2122 1603 2161 eam
1635 2102 1898 2177 deserite,
1923 2110 1982 2161 et
2009 2109 2335 2161 revertatur
2361 2101 2759 2177 unusquisque

346 2184 407 2241 in
437 2194 647 2243 terram
686 2202 889 2257 suam;
948 2182 1235 2259 judicium
1284 2182 1437 2242 enim
1494 2183 1624 2259 ejus
1663 2182 1740 2241 ad
1767 2183 1946 2241 coelos
1973 2202 2157 2260 usque
2202 2180 2523 2259 pervenit.'’
2609 2180 2760 2237 Eum
2779 2198 2797 2208 ··

348 2273 543 2323 autem
590 2270 805 2322 statum
849 2262 1027 2321 fuisse
1074 2263 1293 2337 Romae,
1325 2282 1453 2321 eam
1500 2262 1886 2340 pervicaciam
1930 2271 1991 2322 et
2016 2261 2459 2322 obstinationem
2483 2260 2764 2319 adversus

348 2344 572 2422 piorum
602 2341 837 2416 monita,
884 2349 943 2401 et
982 2350 1136 2419 vota,
1183 2342 1283 2421 qui
1313 2342 1804 2403 Reformationem
1838 2342 2126 2419 petebant,
2166 2360 2336 2400 nemo
2375 2347 2464 2399 est
2504 2340 2605 2417 qui
2633 2360 2764 2399 nes-

350 2425 499 2500 ciat;
545 2430 610 2482 ut
638 2442 755 2481 non
774 2430 893 2481 tam
922 2422 1123 2499 fugere
1152 2422 1311 2481 illam
1340 2421 1730 2499 debuerimus,
1761 2443 1935 2500 quam
1965 2421 2039 2481 ab
2067 2422 2194 2500 ipsa
2234 2422 2420 2499 fugati
2467 2419 2761 2495 fuerimuS,

354 2524 473 2563 non
500 2510 727 2562 tantum
758 2504 1189 2562 anathematum
1234 2503 1594 2577 fulminibus,
1629 2503 1734 2563 sed
1775 2503 1950 2561 etiam
1995 2502 2252 2561 caedibus
2295 2512 2354 2561 et
2401 2500 2667 2575 lanienis,
2698 2512 2765 2559 ut

352 2592 653 2643 ostensum
680 2582 806 2657 fuit,
858 2583 1087 2660 Disput.
1120 2583 1170 2642 Ι.
1217 2581 1391 2642 Thes.
1413 2586 1507 2659 26,
1534 2588 1632 2660 27,
1665 2585 1762 2658 28,
1803 2582 1906 2643 ubi
1939 2582 2108 2660 plura
2153 2582 2225 2641 de
2269 2582 2380 2641 hoc
2403 2589 2762 2659 argumentO.

356 2665 599 2723 Frustra
626 2663 927 2740 regeritur,
960 2683 1076 2722 non
1106 2662 1484 2723 deserendam
1513 2684 1642 2723 esse
1688 2663 2032 2737 Ecclesiam,
2077 2672 2248 2721 eaetra
2291 2682 2461 2738 quam
2490 2664 2650 2721 nulla
2685 2671 2768 2719 est

352 2747 523 2819 salus,
568 2744 664 2802 vel
709 2744 988 2802 unitatem
1036 2743 1163 2821 ejus
1190 2742 1573 2803 lacerandam.
1681 2744 1831 2802 Nam
1876 2742 2036 2801 aliud
2083 2751 2171 2801 est
2221 2743 2535 2801 Ecclesiam
2573 2762 2766 2799 veram

356 2824 637 2898 deserere,
669 2832 835 2882 extra
863 2844 1037 2902 quam
1064 2844 1182 2882 non
1230 2832 1321 2882 est
1366 2824 1542 2899 salua,
1588 2823 1747 2881 aliud
1779 2823 2093 2881 Ecclesiam
2121 2824 2462 2895 Romanam,
2495 2842 2624 2897 quse
2654 2820 2766 2879 hoc

354 2905 586 2963 nomine
614 2904 914 2981 indignam
964 2924 1025 2962 se
1066 2903 1377 2981 praestitit;
1422 2902 1583 2962 aliud
1612 2911 1870 2963 sanctam
1899 2902 2179 2961 unitatem
2227 2901 2482 2978 corporis
2532 2900 2762 2976 Christi,

357 3004 488 3061 quae
545 2984 791 3044 veritate
831 2983 1051 3059 nititur,
1094 2984 1365 3059 lacerare,
1417 2982 1574 3060 quod
1614 2983 1872 3061 impium,
1918 2980 2078 3041 aliud
2120 2980 2350 3039 unionis
2398 2979 2576 3055 falsae,
2636 3000 2766 3057 quae

356 3064 419 3123 in
446 3083 637 3123 errore
678 3063 969 3140 fundatur,
1013 3063 1313 3123 vinculum
1358 3063 1716 3141 abrumpere,
1745 3070 1812 3122 ut
1859 3061 2164 3121 veritatem
2207 3068 2267 3121 et
2305 3079 2506 3137 pacem
2551 3060 2766 3120 Christi

355 3144 722 3217 retineamuS,
753 3143 910 3221 quod
938 3164 1159 3203 summe
1186 3142 1559 3202 laudandum.

440 3222 736 3282 XXXII.
783 3222 880 3281 Ad
938 3226 973 3282 3
1015 3244 1167 3301 resp.
1228 3223 1411 3301 gratis
1472 3223 1721 3301 supponi
1777 3221 2160 3283 secessionem
2215 3229 2442 3281 tantum
2482 3220 2766 3280 internam

356 3314 417 3365 et
444 3303 775 3381 negativam
818 3304 1049 3381 requiri,
1116 3324 1248 3363 eum
1290 3310 1531 3362 externa
1578 3303 1754 3363 etiam
1796 3312 1854 3363 et
1901 3303 2155 3382 positiva
2196 3302 2292 3362 bic
2341 3302 2764 3380 praescribatur.

363 3388 415 3444 1.
447 3385 597 3461 Quia
625 3383 907 3443 Israelitae
935 3403 1051 3442 non
1078 3390 1303 3443 tantum
1346 3382 1517 3443 corde
1559 3384 1720 3444 exire
1760 3383 2082 3443 debuerunt
2111 3382 2432 3461 Babylone,
2465 3383 2565 3441 sed
2596 3382 2770 3442 etiam

360 3473 598 3524 externe
640 3471 700 3523 et
740 3463 989 3541 positive
1019 3464 1487 3541 Hierosolymam
1536 3464 1868 3542 repetendO,
1899 3472 1958 3523 et
1985 3464 2166 3523 altare
2216 3463 2330 3523 Dei
2383 3472 2443 3523 et
2490 3464 2770 3541 templum

360 3543 753 3605 instauranda
819 3548 875 3603 2.
921 3542 1070 3619 Quia
1098 3544 1261 3603 Deus
1280 3564 1397 3603 non
1420 3552 1646 3604 tantum
1675 3543 1896 3604 cultum
1923 3545 2232 3620 internum,
2259 3544 2361 3603 sed
2383 3551 2443 3601 et
2463 3552 2772 3602 externum

359 3625 631 3704 postulat,
669 3628 698 3682 1
733 3624 863 3683 Cor.
893 3624 972 3683 vi.
1003 3627 1099 3683 20.
1186 3627 1243 3683 3.
1274 3624 1423 3698 Quia
1450 3624 1700 3683 secessio
1729 3644 1844 3683 non
1863 3624 2177 3703 imperatur
2201 3624 2304 3683 uni
2332 3623 2431 3681 vel
2457 3623 2642 3698 alteri,
2669 3623 2773 3681 sed

363 3706 471 3765 toti
499 3704 731 3783 popu10,
762 3704 826 3762 id
854 3712 957 3780 est,
1008 3704 1183 3763 coetui
1209 3704 1485 3779 fidelium,
1517 3704 1620 3781 qui
1646 3723 1764 3763 non
1807 3712 2001 3781 potest
2027 3724 2220 3763 carere
2249 3704 2410 3762 cultu
2437 3710 2678 3760 externo
2716 3711 2776 3761 et

362 3785 613 3865 publicO,
658 3784 803 3843 alias
852 3792 1187 3861 sequeretur
1227 3784 1326 3842 vel
1366 3782 1583 3843 cultum
1614 3792 1916 3844 externum
1947 3793 2006 3844 et
2048 3783 2341 3861 publicum
2373 3800 2490 3839 non
2517 3800 2644 3839 esse
2671 3802 2770 3839 ne-

363 3866 693 3941 cessarium,
737 3863 835 3923 vel
876 3864 1059 3924 cultui
1098 3863 1460 3923 idololatrico
1503 3864 1708 3923 saltem
1737 3872 1974 3923 externe
2013 3864 2186 3923 licere
2227 3862 2586 3939 participare,
2617 3861 2775 3937 quod

361 3956 669 4022 utrumque
696 3945 796 4003 vel
822 3944 1079 4021 cogitare
1108 3943 1366 4020 impium.
1450 3942 1575 4003 Nec
1601 3944 1698 4003 hic
1727 3944 1941 4023 opponi
1980 3943 2154 4003 debet
2195 3942 2454 4001 defectus
2497 3940 2774 4016 legitimae

364 4024 705 4097 vocationis,
748 4044 884 4082 nam
924 4033 1305 4101 praeterquam
1348 4022 1507 4099 quod
1554 4024 1784 4083 vocatio
1827 4023 2115 4083 ordinaria
2157 4022 2448 4100 plerisque
2509 4038 2626 4078 non
2675 4020 2774 4080 de-

364 4104 492 4179 fuit,
563 4104 679 4161 alia
718 4112 809 4163 est
848 4104 997 4163 ratio
1061 4104 1331 4163 Ecclesiae
1386 4104 1692 4162 constituae
1741 4112 1800 4164 et
1862 4104 2078 4179 etanta,
2144 4102 2260 4160 alia
2306 4100 2661 4159 restituendoe
2715 4108 2774 4160 et

366 4192 666 4260 corruptae.
760 4184 833 4241 In
870 4184 989 4261 illa,
1031 4184 1230 4260 fateor,
1282 4183 1668 4243 ministerium
1713 4184 2004 4243 neminem
2060 4181 2349 4259 suscipere
2394 4180 2622 4255 debere,
2672 4180 2774 4256 qui

364 4285 480 4323 non
511 4262 588 4323 sit
614 4282 690 4321 ex
739 4262 940 4323 ordine
977 4272 1209 4342 recepto
1238 4270 1497 4337 vocatus,
1543 4263 1649 4323 sed
1690 4266 1752 4322 in
1779 4264 1890 4322 ista
1917 4282 2012 4321 res
2040 4262 2208 4320 aliter
2249 4280 2312 4319 se
2355 4260 2548 4334 habet,
2589 4261 2774 4320 multa

363 4345 535 4420 enim,
566 4363 697 4421 quae
726 4343 871 4403 alias
898 4364 1015 4403 non
1041 4344 1282 4405 licerent
1308 4344 1369 4401 in
1398 4343 1599 4402 ordine
1649 4343 1981 4419 constitum,
2025 4340 2200 4399 rebus
2227 4340 2593 4418 perturbatis,
2626 4349 2683 4400 et
2711 4342 2772 4400 in

364 4445 501 4484 casu
540 4423 923 4501 necessitatis,
972 4444 1103 4503 quae
1150 4444 1267 4483 non
1307 4424 1485 4483 habet
1523 4423 1732 4501 legem,
1777 4422 1944 4481 facile
1985 4420 2408 4498 permittuntur.
2493 4422 2664 4497 Quod
2705 4442 2774 4481 eo

355 4505 573 4584 justius
600 4503 697 4562 hic
727 4512 919 4581 potest
959 4504 1152 4564 locum
1180 4504 1411 4579 habere,
1457 4503 1611 4581 quod
1641 4502 1809 4561 radix
1839 4500 2215 4579 auctoritatis,
2245 4522 2362 4580 qua
2387 4502 2617 4562 vocatio
2646 4522 2778 4581 pas-

365 4593 555 4645 torum
590 4584 810 4659 nititur,
830 4604 949 4643 non
971 4593 1060 4646 est
1076 4604 1254 4663 penes
1282 4592 1535 4644 rectores
1558 4582 1854 4657 Ecclesiae,
1877 4582 1981 4643 sed
2000 4601 2178 4661 penes
2205 4582 2391 4660 ipsam
2414 4583 2735 4643 Ecclesiam
2767 4602 2780 4656 3

363 4684 491 4741 quae
512 4664 755 4743 proinde
784 4663 911 4741 ipsa
958 4665 1071 4724 sibi
1096 4666 1157 4724 in
1186 4664 1288 4724 tali
1334 4684 1471 4724 casu
1500 4671 1693 4743 potest
1721 4682 1856 4724 suos
1885 4671 2144 4742 pastores
2185 4662 2504 4742 instituere,
2536 4663 2586 4723 si
2615 4663 2781 4721 aliter
