3234 5192
485 376 597 432 188
1260 393 1337 432 m:
1368 392 1730 434 necessarus
1760 392 2102 433 secessione
2465 370 2723 453 [maror.
2757 390 2884 431 vm.

478 574 959 619 Reformatoresnos-
1082 532 1261 593 XIV.
1310 534 1425 592 Sed
1452 542 1517 593 ιιι
1544 535 1798 612 pressius
1825 534 2200 612 quaestionem
2244 530 2595 610 propositam
2637 508 2884 608 attinga-

536 642 639 676 tros
709 644 806 675 non
883 645 960 675 ca-
1001 634 1147 687 mus,
1178 622 1461 691 quatenus
1504 616 1720 691 primos
1763 626 1990 673 nostros
2021 613 2446 671 Reformatores
2475 622 2711 689 spectat,
2743 611 2883 669 dici·

532 692 693 735 ruisse
802 688 959 734 Vooa·
998 714 1128 752 mus
1156 704 1361 770 quarto
1406 694 1850 770 distinguendos
1889 714 2016 753 esse
2057 714 2173 768 coe,
2205 694 2306 771 qui
2333 693 2566 769 publico
2594 692 2654 749 in
2686 691 2887 749 Eccle-

533 750 667 793 fl⁰¹²⁰
696 749 947 805 probatur.
1000 774 1087 831 sia
1144 774 1406 831 Romana
1459 773 1778 832 ministerio
1833 773 2238 851 fungebantur,
2289 773 2364 831 ab
2405 771 2535 829 aliis
2581 771 2682 849 qui
2729 790 2885 829 mere

471 853 684 932 privati
712 852 958 911 fuerunt.
1047 854 1125 910 Et
1152 852 1225 910 ad
1254 853 1385 911 illos
1413 852 1642 929 quidem
1674 853 1830 929 quod
1859 854 2080 928 attinet,
2110 862 2175 911 ut
2202 850 2608 929 quamplurimi
2634 851 2886 925 suerunt,

473 934 574 1010 qui
602 934 677 991 ad
704 932 814 989 hoc
844 950 989 1008 opus
1024 952 1083 989 se
1126 932 1502 990 accinxerunt
1544 933 2001 1010 Archiepiscopi,
2035 932 2324 1010 Episcopi,
2357 942 2414 990 et
2445 930 2793 1007 Presbyteri,
2825 930 2887 987 in

474 1013 713 1089 Anglia,
748 1012 1076 1085 Germania,
1110 1011 1320 1085 Gallia,
1365 1012 1657 1085 Helvetia,
1709 1024 1767 1071 et
1814 1012 1970 1087 alibi,
2002 1032 2117 1071 non
2167 1022 2357 1089 potest
2385 1012 2457 1069 de
2485 1030 2683 1069 eorum
2713 1028 2882 1067 voea-

472 1092 627 1150 tione
657 1090 925 1164 dubitari,
958 1091 1189 1167 quando
1217 1092 1397 1168 ipsam
1428 1090 1501 1149 ab
1532 1092 1796 1151 Ecclesia
1827 1092 2088 1150 Romana
2115 1092 2451 1150 habuerant.
2522 1090 2690 1147 Alias
2720 1089 2885 1147 fateri

472 1181 767 1248 cogentur,
788 1170 879 1227 vel
894 1190 1053 1228 suam
1079 1172 1433 1229 vocationem
1449 1171 1666 1229 nullam
1689 1191 1814 1230 esse
1837 1184 1894 1231 et
1915 1171 2144 1247 falsa1n3
2177 1172 2271 1229 vel
2291 1172 2340 1228 si
2364 1190 2500 1229 vera
2517 1181 2622 1243 est,
2637 1177 2880 1245 nostros,

471 1252 571 1327 qui
601 1270 669 1309 ea
698 1251 959 1309 instructi
990 1270 1134 1329 opus
1164 1250 1612 1310 Reformationis
1654 1261 1788 1311 sunt
1823 1252 2102 1329 aggressi,
2147 1270 2264 1308 non
2293 1251 2414 1309 sine
2445 1251 2746 1307 vocatione
2774 1248 2884 1306 hoc

472 1332 695 1390 fecisse.
784 1330 985 1408 Neque
1014 1332 1109 1389 hic
1158 1331 1567 1408 reponendum,
1604 1335 1656 1389 1.
1692 1332 1752 1390 si
1789 1350 1985 1390 veram
2028 1332 2389 1389 vocationem
2425 1328 2768 1402 habuerunt,
2813 1348 2882 1386 eo

468 1411 596 1488 ipso
646 1430 839 1469 veram
889 1412 1065 1470 fuisse
1113 1412 1452 1486 Ecclesiam,
1500 1431 1631 1489 qnae
1681 1411 1797 1469 illis
1842 1430 1969 1469 eam
2015 1410 2275 1483 contulit,
2327 1430 2434 1468 nec
2481 1410 2634 1468 enim
2679 1408 2884 1466 falsam

472 1491 795 1549 Ecclesiam
842 1510 1015 1567 posse
1070 1490 1207 1549 dare
1262 1510 1461 1549 veram
1516 1490 1898 1550 vocationem.
2024 1491 2172 1549 Nam
2229 1490 2278 1548 si
2334 1489 2655 1566 baptismus
2710 1506 2884 1547 verus

468 1579 660 1647 potest
687 1589 813 1628 esse
842 1571 903 1626 in
944 1569 1207 1629 Ecclesia
1248 1570 1393 1627 falsa
1440 1578 1499 1628 et
1536 1570 1823 1646 haeretica,
1872 1579 1937 1629 ut
1983 1590 2156 1647 supra
2197 1570 2406 1643 visum,
2458 1568 2661 1646 quidni
2709 1569 2883 1626 etiam

468 1650 743 1707 vocatio?
825 1649 973 1705 Nam
1001 1649 1101 1706 ubi
1130 1658 1219 1707 est
1264 1649 1585 1725 baptismus
1627 1668 1818 1719 vermi,
1855 1650 1936 1707 ibi
1966 1649 2138 1709 debet
2165 1668 2291 1707 esse
2318 1647 2581 1725 legitima
2607 1647 2881 1705 adminis-

466 1728 661 1787 trandi
704 1735 991 1805 potestas-,3
1040 1728 1140 1786 ubi
1186 1737 1274 1786 est
1322 1729 1423 1785 illa
1449 1737 1725 1805 potestaS,
1772 1728 1851 1786 ibi
1881 1738 1969 1787 est
1997 1730 2171 1788 etiam
2201 1748 2338 1787 vera
2365 1728 2612 1785 vocati0.
2697 1727 2882 1785 Nemo

468 1808 664 1885 sigilla
704 1816 948 1866 tractare
990 1817 1197 1884 potest,
1242 1808 1351 1864 nisi
1396 1808 1721 1883 sigillorum
1765 1817 1988 1883 cnstos;
2036 1829 2205 1868 nemo
2251 1818 2445 1867 custos
2474 1808 2584 1865 nisi
2623 1817 2881 1866 vocatus,

470 1887 564 1946 Ita
606 1907 775 1945 nemo
818 1896 1189 1959 sacramenta,
1221 1906 1351 1964 quoe
1394 1888 1586 1963 sigilla
1630 1896 1764 1947 sunt
1797 1888 2046 1961 foederis,
2091 1896 2282 1966 potest
2323 1887 2738 1961 administrare,
2770 1886 2884 1945 nisi

469 1967 561 2026 cui
610 1965 824 2025 tabulae
874 1966 1106 2025 foederis
1156 1976 1291 2025 sunt
1339 1967 1679 2026 commissae.
1803 1968 1924 2026 Nec
1981 1988 2206 2045 semper
2249 1988 2470 2040 verum,
2520 1967 2884 2025 vocationem

467 2066 663 2105 veram
709 2066 1028 2123 supponere
1073 2045 1393 2105 Ecclesiam
1436 2066 1651 2106 veram.
1753 2049 1986 2107 Certum
2029 2048 2261 2125 quidem
2305 2057 2409 2119 est,
2453 2046 2554 2105 ubi
2594 2046 2754 2104 nulla
2794 2056 2885 2105 est

468 2127 715 2200 vocatio,
749 2127 828 2184 ibi
872 2126 1088 2184 nullam
1118 2146 1243 2185 esse
1275 2146 1469 2184 veram
1514 2127 1870 2201 Eeciesiam3
1917 2127 2020 2185 sed
2048 2147 2162 2185 non
2193 2128 2464 2185 continuo
2495 2126 2767 2203 seqnitur,
2801 2126 2882 2183 ibi

464 2226 593 2265 esse
642 2226 839 2264 veram
889 2206 1228 2279 Ecclesiam,
1276 2206 1379 2265 ubi
1427 2214 1515 2265 est
1564 2208 1760 2284 aliqua
1801 2206 2047 2265 vocatio.
2134 2207 2280 2264 Nam
2327 2206 2590 2265 Ecclesia
2629 2205 2884 2265 Juda’iea

466 2296 723 2363 ternpore
770 2305 972 2362 regum
1022 2286 1451 2343 idololatrarum
1494 2306 1609 2345 non
1654 2296 1777 2345 erat
1812 2306 1950 2344 vera
1993 2286 2272 2361 Ecclesia,
2305 2286 2408 2344 sed
2453 2306 2568 2343 non
2606 2285 2880 2345 destitue-

468 2366 639 2424 batur
687 2376 879 2424 tamen
929 2366 1230 2423 vocatione
1276 2365 1584 2426 ordinaria.
1699 2366 1963 2425 Ecclesia
2011 2366 2228 2424 Ariana
2271 2375 2329 2424 et
2379 2365 2722 2424 Nestoriana
2767 2384 2882 2423 non

467 2455 592 2503 erat
638 2464 775 2502 vera
826 2445 1103 2519 Ecclesia,
1156 2455 1213 2504 et
1261 2446 1624 2503 vocatiouem
1673 2455 1864 2505 tamen
1912 2455 2109 2505 veram
2159 2446 2393 2520 habuit;
2441 2444 2782 2503 Nox-atianis
2824 2454 2883 2504 et

470 2524 733 2582 Catharis
783 2527 1093 2598 conversi-5,
1128 2523 1280 2582 idem
1326 2525 1666 2583 servabatur
1712 2526 1891 2601 loeus,
1941 2526 1999 2583 in
2050 2546 2164 2602 quo
2205 2527 2432 2585 fuerant
2473 2534 2778 2602 antequam
2808 2524 2882 2583 ad

468 2603 838 2663 orthodoxos
880 2604 1234 2663 accederent.
1334 2604 1503 2664 Unde
1535 2606 1736 2663 Canon
1778 2616 1980 2664 sextus
2025 2605 2301 2664 Ecclesiae
2345 2603 2636 2663 Africanoe
2678 2605 2880 2680 sancit,

475 2710 586 2748 τους
616 2700 866 2764 umectans
894 2706 987 2741 vm
1015 2696 1321 2742 Δοικτιστων
1369 2710 1410 2743 u
1457 2711 1525 2761 τῃ
1572 2700 1737 2765 ιληςῃ
1780 2712 1863 2749 της
1905 2694 2166 2750 saxonanum
2203 2701 2465 2749 υωιληπας
2494 2681 2828 2760 κναδιχισθαι,
2859 2712 2885 2748 η

473 2790 515 2823 ιν
544 2791 651 2829 ταις
681 2764 825 2830 ιδιαιις
853 2790 1025 2839 ripum
1042 2789 1207 2841 μιηιι,
1246 2766 1327 2825 Ut
1352 2766 1750 2842 “recipiantur
1778 2768 1970 2824 clerici
2003 2768 2323 2824 Donatistae
2353 2766 2410 2821 in
2434 2766 2588 2823 clero
2608 2764 2883 2823 Ecclesiae

469 2846 784 2921 catholicae,
817 2860 915 2904 aut
944 2856 1215 2905 maneant
1242 2846 1301 2902 in
1332 2846 1577 2923 propriis
1615 2845 1998 2923 dignitatibus
2023 2846 2056 2872 ”
2144 2844 2312 2920 Quod
2355 2844 2478 2902 fuse
2521 2846 2884 2922 persequitur

470 2925 671 3001 Hier0,
713 2927 772 2984 in
833 2926 1083 3005 Dialogo
1139 2925 1419 2984 adversus
1472 2925 1880 2984 Luciferianos.
1989 2925 2194 2983 Missio
2240 2944 2379 3001 ergo
2425 2925 2575 2983 inter
2615 2946 2714 2983 eos
2756 2943 2882 2983 esse

468 3016 679 3083 potest,
724 3006 827 3083 qui
870 3016 1061 3065 tamen
1106 3026 1247 3065 vera
1291 3005 1555 3063 Ecclesia
1596 3025 1711 3064 non
1745 3014 1896 3077 sunt,
1943 3005 2048 3063 sed
2079 3004 2356 3064 Ecclesiae
2385 3004 2604 3081 aliquid
2633 3005 2883 3063 retinent

468 3086 564 3143 vel
602 3086 873 3143 Ecclesioe
904 3088 1196 3158 serviunt3
1228 3106 1333 3162 per
1358 3105 1504 3162 quos
1527 3094 1590 3143 ut
1619 3086 1896 3143 doetrinae
1918 3104 2065 3158 para,
2093 3090 2172 3143 ita
2194 3084 2365 3143 etiam
2389 3085 2708 3143 vocationis
2735 3103 2878 3142 non-

469 3165 616 3221 nihil
660 3164 733 3221 ad
783 3184 905 3222 eam
958 3165 1277 3223 doctrinam
1322 3165 1748 3240 praedicandam
1792 3165 2101 3223 derivatur.
2186 3165 2392 3223 Missio
2434 3182 2549 3221 non
2588 3165 2768 3222 oritur
2809 3164 2883 3221 ab

472 3243 736 3301 Ecclesia
775 3254 841 3300 ut
882 3244 1038 3301 fonte
1082 3255 1140 3302 et
1180 3243 1477 3319 principiO,
1524 3242 1626 3300 sed
1669 3264 1704 3301 a
1749 3244 1873 3301 Deo
1913 3263 2014 3320 per
2057 3244 2319 3302 homines
2367 3244 2538 3302 etiam
2587 3244 2786 3315 malos,
2818 3251 2884 3302 ut

472 3321 788 3397 diplomata
831 3322 992 3396 regia
1038 3341 1141 3398 per
1188 3340 1319 3379 eum
1368 3322 1537 3378 etiam
1584 3321 1862 3395 seruntur,
1908 3323 2006 3398 qui
2049 3323 2193 3379 nihil
2233 3324 2454 3399 regium
2497 3325 2556 3381 in
2599 3343 2660 3382 se
2689 3324 2880 3381 habet.

477 3400 573 3458 Sic
622 3401 695 3457 ab
747 3400 1023 3457 Ecclesiae
1074 3402 1239 3458 Rom.
1290 3401 1630 3458 auctoritate
1675 3420 1790 3457 non
1839 3400 2052 3479 pendet
2095 3404 2340 3475 vocatio,
2387 3402 2495 3461 etsi
2537 3422 2639 3479 per
2677 3422 2882 3461 manus

476 3479 755 3537 Ecclesiae
788 3480 1062 3537 Romanae
1103 3480 1476 3555 transmissa;
1519 3500 1627 3537 nec
1672 3480 1966 3555 Ecclesiae,
2013 3482 2114 3539 sed
2159 3483 2404 3557 Christo,
2436 3482 2592 3559 quod
2620 3484 2679 3540 in
2707 3502 2880 3541 voca-

473 3561 628 3619 tione
659 3568 954 3637 supererat
981 3560 1135 3633 boni,
1167 3570 1463 3636 acceptum
1514 3558 1649 3617 ferri
1694 3559 1910 3637 debuit,
1959 3570 2023 3620 ut
2067 3582 2217 3639 aqua
2256 3583 2358 3640 per
2385 3562 2643 3621 canalem
2672 3562 2879 3637 delata,

472 3660 587 3698 nen
617 3660 652 3697 a
678 3640 900 3712 tubu10,
934 3639 1036 3697 sed
1065 3660 1099 3697 a
1128 3639 1282 3697 fonte
1312 3648 1399 3697 est
1428 3640 1761 3698 derivanda.

560 3720 704 3778 XV.
750 3726 804 3779 2.
854 3720 1045 3792 Dices,
1092 3732 1321 3777 nostros
1362 3719 1597 3796 quidem
1643 3721 2004 3780 vocationem
2053 3720 2324 3780 habuisse
2369 3722 2442 3781 ab
2473 3722 2734 3780 Ecclesia
2765 3722 2880 3780 Ro-

474 3820 659 3875 mana,
694 3800 795 3858 sed
824 3800 979 3857 omni
1010 3801 1110 3857 illo
1132 3800 1263 3877 jure
1284 3800 1586 3875 excidisse,
1618 3801 1754 3877 quia
1782 3801 1854 3859 ab
1886 3802 2163 3860 Ecclesiae
2197 3802 2472 3860 Romanae
2502 3802 2776 3873 doctriua,
2809 3800 2883 3859 ad

476 3881 643 3957 cujus
692 3880 1079 3939 defensionem
1140 3880 1332 3938 vocati
1380 3888 1557 3953 erant,
1610 3880 1961 3940 defecerunt.
2051 3879 2166 3939 Sed
2195 3890 2416 3940 tantum
2447 3882 2626 3954 abest,
2659 3892 2724 3941 ut
2752 3881 2883 3939 illos

476 3960 765 4018 excidisse
790 3960 1111 4017 vocationis
1152 3978 1269 4017 suae
1312 3960 1443 4036 jure
1474 3959 1587 4017 dici
1612 3959 1836 4036 debeat,
1868 3970 1934 4020 ut
1961 3970 2160 4018 contra
2189 3970 2407 4019 certum
2438 3962 2528 4035 sit,
2573 3980 2674 4019 eos
2711 3980 2882 4019 voca-

476 4041 691 4097 tionem
738 4060 899 4097 suam
950 4039 1025 4097 ad
1055 4040 1343 4116 proprium
1388 4048 1447 4098 et
1492 4040 1816 4115 legitimum
1849 4060 2014 4099 suum
2065 4040 2236 4097 finem
2268 4041 2550 4115 retulisse,
2583 4050 2641 4099 et
2671 4041 2752 4098 sic
2777 4040 2883 4099 rite

472 4120 662 4177 officio
710 4140 815 4178 suo
864 4119 1168 4177 defunctos
1212 4118 1410 4177 subse.
1498 4120 1784 4177 Nimirum
1833 4121 1928 4178 hie
1973 4118 2419 4195 distinguendus
2476 4133 2565 4180 est
2619 4130 2883 4178 accurate

478 4200 599 4257 fuis
619 4200 937 4275 primarias
972 4200 1077 4257 Dei
1106 4209 1165 4257 et
1194 4198 1407 4257 Christi
1436 4200 1714 4275 vocantia,
1747 4207 1806 4257 et
1833 4200 1972 4279 finis
2006 4200 2371 4257 secundarius
2399 4200 2711 4273 hominum,
2743 4218 2885 4276 quo-

476 4288 606 4336 rum·
635 4280 951 4338 ministerio
990 4281 1142 4337 Deus
1171 4300 1310 4338 usus
1339 4289 1428 4338 est
1456 4278 1530 4336 ad
1574 4279 1934 4337 vocationem
1978 4279 2134 4336 illam
2166 4279 2586 4338 conserendam.
2674 4280 2887 4338 Fateor

476 4378 591 4416 non
618 4360 789 4416 fuisse
818 4360 988 4417 finem
1018 4372 1077 4418 et
1104 4360 1481 4418 intentionem
1510 4378 1723 4432 eorum,
1750 4360 1846 4435 qui
1879 4360 2035 4436 ipsos
2063 4359 2485 4431 ordinaverant,
2517 4370 2582 4419 ut
2609 4356 2884 4417 doetrinae

477 4448 721 4513 receptae
762 4458 823 4495 se
872 4450 1243 4514 opponerent,
1290 4440 1393 4497 sed
1440 4438 1634 4515 potius
1689 4447 1753 4496 ut
1791 4458 1915 4497 eam
1955 4437 2229 4498 docerent
2255 4447 2313 4497 et
2361 4438 2750 4514 defenderent,
2783 4435 2886 4496 sed

476 4526 855 4593 respexerunt
884 4518 985 4589 illi,
1017 4518 1171 4593 quod
1204 4520 1385 4576 facere
1414 4518 1647 4576 omnino
1689 4519 2048 4592 tenebantur,
2079 4517 2153 4575 ad
2185 4518 2356 4575 finem
2397 4518 2726 4595 primarium
2775 4517 2886 4575 Dei

476 4596 755 4669 vocantis,
802 4596 1011 4653 Christi
1056 4598 1491 4671 institutionem,
1535 4608 1593 4657 et
1635 4598 1888 4656 muneris
1943 4597 2032 4655 sui
2086 4598 2418 4674 primaevam
2475 4598 2887 4675 obligationem

475 4686 539 4736 et
580 4686 881 4753 naturam3
940 4674 1211 4734 nimirum
1253 4685 1319 4733 ut
1360 4676 1726 4751 evangelium
1775 4696 1980 4753 purum
2031 4675 2425 4753 praedicarent,
2469 4686 2528 4736 et
2569 4678 2886 4735 doctrinam
