3234 5192
0 794 8 895 Ῥ-

312 364 545 405 msrur.
574 342 647 424 1.]
1275 360 1355 403 nn
1386 361 1559 405 mnae
1588 364 1769 405 virle.
2612 350 2732 409 225

310 526 443 565 nem
472 504 730 565 fidelium
759 508 973 563 sortem
995 510 1325 563 evectorum
1354 503 1726 583 privilegium
1774 504 1962 581 fuerit,
1995 526 2112 565 non
2139 527 2278 567 vero
2305 506 2598 585 omnium3
2642 518 2733 569 est

309 588 431 644 vim
462 585 711 664 Spiritus
739 592 799 645 et
826 591 1091 643 naturam
1117 603 1269 642 verse
1286 582 1423 643 fidei
1444 584 1728 663 ignorare,
1753 606 1882 663 quse
1899 586 2100 646 eadem
2122 586 2326 647 effecta
2353 589 2414 646 in
2441 590 2727 665 omnibus,

306 667 447 727 licet
473 666 533 724 in
560 664 778 743 dispari
807 662 993 741 gradu
1020 662 1335 741 producere
1364 662 1553 741 debet,
1586 664 1760 725 Unde
1789 665 1954 726 dotes
1981 666 2115 744 illae,
2145 688 2262 727 non
2289 676 2356 727 ut
2423 668 2728 727 uibusdam

308 747 573 825 propriae,
603 745 707 806 sed
734 754 805 803 ut
852 744 1121 804 omnibus
1160 764 1493 807 communes
1540 756 1956 825 proponuntur,
2005 766 2248 825 quarum
2277 748 2379 807 fun
2456 758 2650 807 menta
2669 757 2730 809 et

308 828 591 905 principia
616 824 947 887 communia
972 824 1085 883 sibi
1111 844 1244 883 cum
1270 823 1541 885 fidelibus
1568 826 1700 887 aliis
1745 834 1991 886 testatur
2031 827 2370 907 Apostolus,
2405 828 2572 887 Rom.
2603 828 2727 887 viii.

311 910 409 983 31,
440 910 536 983 32,
566 910 665 982 33,
696 909 793 981 34,
816 904 1105 980 nimirum,
1138 904 1253 963 Dei
1298 904 1656 983 electionem,
1705 907 2087 984 vocationem,
2134 918 2194 969 et
2233 908 2724 987 justificationem,

307 987 527 1048 Christi
552 994 817 1052 mortem,
846 985 1338 1062 resurrectionem,
1370 996 1429 1045 et
1454 986 1942 1065 intercessionem,
1973 986 2084 1049 &c.

392 1066 725 1127 XXXIX.
769 1065 1049 1141 Quamvis
1092 1074 1285 1125 autem
1332 1066 1736 1127 certitudinem
1779 1068 1940 1127 illam
1979 1068 2184 1129 haberi
2209 1088 2378 1149 posse
2407 1068 2724 1145 credamus,

310 1166 428 1207 non
455 1147 855 1207 existimamus
882 1154 1073 1205 tamen
1102 1164 1229 1205 eam
1275 1165 1499 1223 semper
1524 1155 1585 1207 et
1631 1148 1846 1226 ubique
1889 1148 1951 1207 in
1998 1158 2192 1209 actum
2235 1151 2414 1225 exire,
2443 1150 2540 1209 vel
2567 1151 2728 1209 exire

310 1228 517 1287 eodem
546 1227 749 1305 gradu.
835 1225 1190 1303 Principium
1239 1225 1473 1303 quidem
1496 1226 1666 1285 istius
1687 1228 2050 1289 certitudinis
2067 1229 2128 1288 in
2155 1229 2316 1289 fideli
2343 1250 2470 1289 esse
2499 1250 2727 1309 semper

312 1327 433 1366 non
476 1307 825 1381 dubitamus,
874 1306 979 1365 sed
1024 1326 1143 1365 non
1188 1308 1403 1383 pariter
1446 1314 1658 1365 actum.
1743 1308 1893 1367 Nam
1919 1326 2024 1385 per
2049 1309 2314 1368 incursus
2343 1310 2725 1369 tentationum

312 1386 658 1465 gravissime
686 1405 961 1446 concussa
984 1385 1131 1445 fides
1156 1386 1313 1445 hunc
1333 1384 1601 1445 effectum
1627 1386 1798 1447 edere
1825 1389 2062 1465 nequit:
2145 1388 2240 1447 Ita
2267 1388 2318 1447 si
2337 1388 2399 1446 in
2416 1408 2594 1465 grave
2623 1389 2726 1447 ali-

314 1468 475 1546 quod
500 1474 797 1545 peccatum
822 1468 1125 1545 prolapsus
1152 1466 1230 1526 sit
1249 1465 1455 1543 fidelis,
1488 1475 1547 1526 et
1574 1466 1636 1525 in
1671 1488 1740 1527 eo
1787 1468 2038 1545 haereat3
2082 1475 2308 1527 tantum
2335 1466 2502 1527 abest
2529 1477 2594 1528 ut
2619 1489 2724 1547 pro

312 1557 453 1607 tune
479 1548 631 1607 hunc
659 1556 853 1607 actum
882 1548 1087 1607 elicere
1110 1555 1301 1624 queat,
1330 1556 1398 1607 ut
1424 1547 1617 1625 potius
1647 1548 1920 1608 succedat
1943 1549 2190 1608 actualis
2215 1557 2404 1609 metus
2433 1550 2721 1625 contrarii,

309 1637 369 1688 et
397 1628 663 1688 videatur
706 1627 893 1687 nubes
938 1627 1057 1686 imo
1104 1628 1351 1704 abyssus
1398 1627 1704 1705 interjecta
1745 1628 1896 1689 inter
1945 1628 2137 1689 Deum
2163 1636 2224 1688 et
2248 1628 2560 1705 hominem,
2591 1649 2723 1725 quse

306 1708 735 1768 irradiationem
768 1708 1017 1785 Spiritus
1044 1706 1351 1785 intercipit,
1382 1715 1443 1767 et
1468 1726 1704 1767 sensum
1721 1709 1922 1787 gratim
1943 1709 2114 1769 tollit.
2201 1709 2358 1769 Hinc
2386 1708 2580 1771 tristes
2607 1710 2724 1771 111ae

308 1788 567 1849 fidelium
594 1788 863 1867 querelae,
894 1798 959 1847 ut
990 1788 1173 1863 Pauli,
1208 1789 1244 1821 “
1268 1788 1451 1847 Miser
1476 1808 1605 1865 ego,
1637 1789 1770 1867 quis
1797 1809 1890 1849 me
1916 1788 2188 1849 liberabit
2229 1790 2304 1849 ab
2343 1790 2457 1849 hoc
2484 1810 2720 1869 corpore

307 1870 512 1929 mortis
531 1870 597 1929 ?”
645 1870 813 1928 Rom.
844 1868 945 1926 vii.
975 1871 1071 1944 24,
1102 1875 1163 1927 et
1190 1868 1437 1927 Davidis
1466 1868 1568 1945 qui
1594 1869 1854 1946 queritur
1881 1868 2146 1929 dextram
2175 1870 2413 1929 Excelsi
2439 1889 2567 1931 esse
2595 1890 2720 1931 mu·

304 1958 503 2026 tatam,
540 1950 694 2008 Psal.
722 1948 933 2007 lxxvii.
966 1951 1061 2007 10.
1146 1948 1220 2007 Id
1248 1967 1387 2007 vero
1412 1949 1733 2026 praesertim
1761 1950 1820 2007 in
1849 1950 2216 2028 gravioribus
2243 1950 2557 2010 sceleribus
2585 1970 2722 2010 oon·

306 2030 497 2108 tingit,
531 2028 670 2089 dum
698 2028 849 2089 enim
880 2028 943 2087 in
967 2028 1041 2088 iis
1068 2028 1364 2089 volutatur
1388 2036 1674 2106 peccator,
1709 2028 1928 2107 Spiritu
1955 2029 2248 2091 auferente
2275 2030 2489 2089 divinae
2518 2050 2721 2090 conso-

306 2110 541 2170 lationis
566 2110 781 2186 lumen,
812 2108 1057 2169 actualis
1082 2109 1196 2167 ista
1221 2109 1519 2185 persuasio
1560 2109 1794 2173 videtur
1832 2110 2004 2187 plane
2046 2111 2191 2186 tolli,
2237 2110 2508 2169 solatium
2551 2130 2720 2171 omne

307 2190 603 2269 spirituale
632 2187 957 2264 intercludi,
988 2197 1047 2248 et
1074 2187 1259 2248 divini
1299 2188 1499 2248 vultus
1532 2189 1730 2249 lumen
1763 2188 2078 2267 abscondi‘;
2121 2190 2372 2249 maxime
2401 2190 2452 2248 si
2479 2199 2722 2268 surgant

304 2270 481 2331 altius
507 2271 891 2330 tentationum
919 2268 1147 2343 fluctus,
1178 2276 1237 2328 et
1264 2269 1676 2329 conscientiam
1723 2289 1896 2329 onere
1933 2290 2040 2329 suo
2085 2290 2344 2349 pressam
2387 2270 2560 2331 etiam
2588 2270 2717 2329 vul-

306 2360 512 2411 nerent
550 2350 739 2429 ignita
786 2349 1023 2408 Diaboli
1070 2348 1224 2425 tela;
1268 2356 1406 2409 tunc
1440 2349 1595 2408 euim
1643 2370 1762 2409 non
1807 2350 1982 2411 modo
2026 2351 2224 2411 suavis
2250 2351 2378 2411 hoec
2423 2350 2720 2431 persuasio

302 2431 542 2507 exulat;
586 2430 693 2491 sed
718 2430 1005 2489 contraria
1038 2448 1273 2507 prorsus
1298 2430 1533 2489 videtur
1560 2430 1884 2507 succedere,
1915 2452 2030 2509 qua
2055 2431 2258 2491 fideles
2283 2431 2500 2492 turbati
2530 2430 2721 2492 Deum

306 2520 373 2571 ut
399 2513 609 2571 iratum
638 2510 750 2571 sibi
779 2509 1233 2587 apprehendunt,
1265 2518 1324 2569 et
1350 2510 1425 2569 ad
1453 2511 1609 2589 ipsas
1653 2510 1790 2572 Orci
1828 2522 2026 2590 portas
2053 2512 2230 2573 delati
2259 2512 2371 2571 sibi
2399 2512 2671 2573 videntur
2697 2535 2715 2591 ;

306 2592 443 2651 binc
470 2592 573 2650 illa
603 2590 867 2667 Davidis,
902 2590 1054 2650 Psal.
1086 2590 1253 2648 xxxi.
1284 2593 1379 2665 22,
1427 2595 1463 2625 ‘⁶
1482 2590 1608 2649 dixi
1635 2591 1696 2651 in
1725 2612 1970 2651 excessu
1996 2594 2208 2652 mentis
2235 2613 2396 2669 meae,
2425 2594 2718 2672 projectus

304 2692 433 2731 sum
462 2693 499 2732 a
523 2671 669 2731 faeie
697 2671 991 2731 oculorum
1014 2670 1303 2745 tuorum,”
1328 2669 1437 2730 Sne.
1523 2670 1609 2731 Ut
1637 2690 1776 2750 ergo
1803 2673 2100 2750 persuasio
2126 2672 2229 2731 illa
2255 2673 2316 2731 in
2337 2682 2530 2733 actum
2557 2674 2720 2733 exire

304 2761 496 2830 queat,
526 2751 851 2811 necessario
876 2751 939 2809 in
966 2749 1127 2809 fideli
1152 2750 1356 2809 adesse
1384 2750 1558 2811 debet
1584 2752 1910 2812 sanctitatis
1937 2752 2210 2827 studium,
2241 2761 2302 2812 et
2328 2772 2470 2813 usus
2495 2754 2714 2813 medio—

304 2852 433 2892 rum
461 2832 717 2892 omnium
746 2852 781 2890 a
810 2832 937 2889 Deo
965 2829 1323 2891 decretorum
1352 2831 1427 2890 ad
1472 2832 1718 2891 salutem
1768 2830 2266 2908 consequendam3
2312 2832 2462 2905 Quia
2507 2832 2569 2889 in
2615 2831 2720 2892 illa

304 2920 531 2973 tantum
557 2913 657 2971 via
682 2910 1131 2983 ambulantibus,
1158 2920 1219 2971 et
1244 2910 1435 2971 media
1456 2911 1722 2971 instituta
1741 2911 2132 2989 sequentibus,
2155 2910 2564 2987 promissiones
2581 2930 2718 2971 suas

304 2992 505 3069 dedit3
550 2992 631 3052 ibi
659 3000 795 3052 sunt
836 2992 1163 3073 γυαςίσμιιτα
1205 3000 1265 3051 et
1308 3001 1651 3069 argumenta
1695 2990 2023 3049 indubitata
2065 2989 2362 3049 electionis
2405 2997 2465 3049 et
2497 2990 2714 3067 justifi-

304 3074 568 3133 cationis.
674 3072 847 3133 Unde
892 3072 1215 3150 Apostolus
1256 3090 1375 3129 non
1422 3070 1596 3129 modo
1643 3070 1985 3149 pronunciat
2010 3069 2228 3129 nullam
2269 3089 2398 3129 esse
2443 3068 2710 3130 condem·

304 3154 597 3213 nationem
624 3152 715 3228 iis,
746 3153 847 3231 qui
876 3162 1010 3211 sunt
1036 3152 1098 3210 in
1126 3151 1374 3227 Christo,
1404 3151 1509 3209 sed
1538 3158 1602 3211 ut
1619 3170 1792 3211 verns
1819 3170 2017 3210 eorum
2035 3150 2332 3211 character
2357 3150 2710 3229 designetur,

307 3234 489 3309 addit,
518 3234 619 3311 qui
642 3254 754 3293 non
800 3234 1091 3292 ambulant
1134 3234 1433 3290 secundum
1462 3251 1710 3307 carnem,
1759 3234 1863 3291 sed
1903 3234 2200 3291 secundum
2248 3232 2543 3310 Spiritum,
2594 3250 2710 3311 quo

305 3314 595 3393 pertinent
636 3312 808 3372 etiam
850 3313 969 3387 illa,
1004 3316 1035 3372 1
1068 3312 1111 3372 J
1114 3312 1209 3372 oh.
1240 3331 1363 3389 cap.
1414 3311 1474 3371 ii.
1516 3332 1640 3371 ver.
1669 3314 1726 3387 3,
1776 3314 1812 3345 “
1835 3312 1932 3370 Ex
1979 3332 2048 3371 eo
2096 3313 2515 3391 cognoscimus,
2555 3314 2714 3392 quod

302 3395 495 3472 ipsum
522 3392 808 3467 novimus,
842 3393 890 3451 si
917 3392 1190 3451 mandata
1236 3391 1363 3469 ejus
1406 3392 1762 3451 servamus.”
1847 3392 2006 3453 Hinc
2052 3402 2212 3471 patet
2238 3394 2362 3453 sine
2391 3394 2712 3455 sanctifica·

304 3475 483 3533 tionis
510 3474 703 3534 studio
730 3474 949 3532 nullam
979 3472 1104 3532 dari
1140 3491 1311 3549 posse
1338 3472 1622 3553 actualem
1672 3472 1768 3531 vel
1796 3470 1870 3531 de
1899 3474 2086 3549 gratia
2111 3474 2210 3533 vel
2237 3473 2310 3534 de
2355 3474 2540 3553 gloria
2583 3496 2710 3554 per-

308 3555 634 3613 suasionem
659 3576 673 3613 :
716 3554 967 3613 Tantum
994 3554 1161 3613 abest
1186 3559 1253 3612 ut
1278 3571 1453 3611 verus
1478 3552 1724 3629 hujusce
1751 3550 1978 3611 fiduciae
2006 3561 2170 3613 actus
2196 3555 2381 3631 possit
2401 3562 2550 3615 stare
2579 3576 2712 3615 cum

306 3634 520 3694 actuali
546 3642 606 3693 et
644 3633 861 3693 directo
906 3632 1184 3711 peccandi
1212 3634 1527 3712 proposito,
1576 3632 1736 3710 quod
1781 3630 2008 3709 profani
2034 3632 2268 3710 vellent,
2321 3634 2616 3694 securitati
2652 3643 2712 3695 et

302 3714 553 3773 licentiae
580 3714 715 3773 vela
740 3722 953 3773 temere
980 3712 1251 3772 laxandO.

385 3794 525 3853 XL.
571 3794 729 3853 Hinc
756 3794 929 3853 etiam
958 3814 1075 3853 non
1102 3793 1345 3853 obscure
1393 3791 1704 3869 colligitur,
1736 3792 2174 3853 Persuasionem
2201 3792 2370 3853 istam
2418 3814 2536 3853 non
2564 3812 2712 3853 sem-

303 3894 407 3951 per
433 3874 638 3933 eodem
665 3874 851 3951 gradu
878 3874 1197 3952 eodemque
1218 3882 1415 3933 tenore
1443 3873 1503 3931 in
1522 3872 1798 3935 fidelibus
1823 3873 2106 3949 omnibus,
2137 3873 2254 3932 imo
2295 3881 2356 3933 et
2399 3873 2462 3931 in
2509 3873 2714 3933 eodem

303 3954 463 4013 fideli
488 3954 551 4013 in
570 3963 763 4014 actum
782 3954 978 4031 exire3
1024 3954 1174 4013 Nam
1197 3974 1327 4013 cum
1374 3954 1883 4014 sanctificationem
1913 3973 2139 4033 semper
2173 3953 2440 4012 comitem
2480 3952 2712 4030 habeat,

303 4033 421 4093 imo
451 4054 527 4093 ex
556 4054 625 4093 ea
651 4033 1077 4113 quodammodo
1105 4034 1323 4094 oriatur
1350 4044 1409 4095 et
1444 4034 1505 4092 in
1532 4054 1603 4094 ea
1631 4034 1918 4109 fundetur,
1961 4054 2068 4112 pro
2109 4034 2327 4092 minore
2367 4032 2467 4093 vel
2491 4033 2712 4111 majore

302 4134 573 4173 mensura
600 4114 1090 4189 sanctificationis,
1120 4116 1305 4192 major
1354 4115 1450 4174 vel
1477 4115 1668 4175 minor
1711 4135 1839 4177 esse
1861 4114 2050 4191 debet,
2081 4122 2140 4174 et
2186 4114 2283 4173 vel
2309 4132 2582 4189 crescere,
2613 4114 2712 4173 vel

302 4194 505 4253 minui.
588 4194 748 4254 Hinc
794 4194 969 4254 modo
1014 4195 1259 4255 sentitur
1303 4194 1469 4255 fortis
1513 4202 1572 4254 et
1615 4196 1834 4266 vivida,
1863 4194 2036 4254 modo
2085 4194 2274 4254 tenuis
2315 4200 2375 4252 et
2412 4194 2708 4271 languida,

302 4283 477 4351 prout
501 4274 601 4333 vel
646 4275 793 4335 fides
829 4284 889 4335 et
915 4275 1101 4352 pietas
1147 4276 1209 4335 in
1235 4276 1404 4334 nobis
1448 4274 1545 4335 vel
1590 4286 1876 4353 augentur
1919 4274 2016 4333 vel
2062 4274 2437 4333 debilitantur
2485 4282 2546 4333 et
2587 4274 2710 4335 lan·

306 4362 503 4432 guent,
546 4355 644 4414 vel
688 4364 861 4434 prout
902 4355 1283 4415 tentationum
1312 4354 1523 4414 fluctus
1568 4354 1720 4414 hanc
1747 4355 1884 4413 fidei
1927 4374 2196 4413 ancoram
2223 4354 2354 4431 plus
2395 4354 2496 4413 vel
2520 4354 2711 4416 minus

302 4434 607 4513 impetunt.
711 4435 795 4495 Ut
839 4436 937 4495 hic
980 4434 1243 4513 inprimis
1286 4433 1732 4511 distinguendus
1777 4434 1974 4493 veniat
2014 4434 2232 4511 duplex
2271 4433 2462 4495 fidelis
2504 4444 2708 4512 status,

305 4514 422 4574 Vel
452 4516 795 4575 Tentatiom‘s
822 4524 881 4575 et
900 4518 1077 4591 luctoe,
1108 4514 1222 4573 Vel
1261 4514 1521 4573 Victorioe
1546 4522 1606 4572 et
1637 4514 1950 4589 Triumphi.
2035 4512 2202 4573 Prior
2239 4515 2302 4574 in
2329 4535 2446 4594 quo
2487 4528 2714 4596 pugnat

302 4604 362 4654 et
388 4614 595 4655 manus
622 4616 755 4655 cum
802 4597 969 4656 hoste
996 4594 1281 4671 conserit3
1330 4593 1622 4652 Posterior
1648 4612 1764 4671 quo
1791 4593 2078 4653 eluctatur
2119 4615 2194 4655 ex
2242 4595 2603 4675 Tentatione,
2655 4608 2714 4658 et

278 4674 377 4733 ·de
394 4676 561 4734 hoste
591 4676 748 4735 victo
776 4676 1127 4753 triumphat3
1173 4675 1317 4733 Nam
1350 4674 1406 4731 in
1439 4674 1539 4731 illo
1568 4673 1758 4734 fidelis
1784 4674 1951 4735 timet
1977 4684 2036 4735 et
2082 4677 2428 4754 percellitur,
2483 4678 2554 4735 In
2599 4679 2711 4739 isto

2477 4777 2512 4815 P
