3234 5192
483 298 520 358 8
1239 321 1316 361 ns
1357 321 1720 363 isi-:cusum
1760 320 2107 362 sucessions
2558 300 2819 383 [maru-r.
2851 321 2891 364 1.

486 457 670 517 donec
707 457 927 518 viribus
953 467 1172 519 naturae
1199 468 1579 539 expugnetur,
1610 461 1695 522 sic
1740 461 1803 520 in
1828 475 2065 540 corpore
2092 461 2205 521 hoc
2232 480 2414 538 sacro,
2444 460 2555 520 etsi
2580 449 2893 539 aliquando

489 537 822 616 opinionum
849 539 1030 599 oritur
1055 538 1367 600 divortium
1395 539 1647 620 aliquod,
1672 562 1788 600 non
1816 543 2011 602 statim
2040 540 2253 600 ferrum
2280 540 2675 601 adhibendum
2694 549 2787 600 est
2800 549 2907 600 aut

489 617 662 694 iguis,
731 615 836 676 sed
881 617 1132 678 fraterna
1173 619 1450 680 charitate
1497 621 1596 680 vel
1640 621 1961 680 sanandum
1986 627 2047 680 et
2092 620 2539 698 resarciendum,
2568 621 2667 680 vel
2694 621 2903 680 saltem

489 697 798 758 tolerantia
843 697 1170 758 Christiana
1211 699 1526 776 ferendum,
1551 700 1737 760 donec
1782 701 1943 760 Deus
1970 701 2113 778 ipse,
2142 701 2371 778 plenius
2398 700 2796 776 illuminando,
2826 699 2905 758 ad

491 787 747 838 sanctam
763 778 1042 838 unitatem
1068 779 1206 839 fidei
1221 780 1627 840 dissentientes
1644 778 1898 855 reducat,
1916 780 2091 858 juxta
2110 781 2509 858 praescriptum
2532 780 2719 856 Pauli,
2752 779 2907 838 Phil.

491 857 574 917 iii.
607 860 700 934 15,
734 859 827 932 16,
881 859 917 891 “
940 857 1238 935 Quotquot
1277 878 1476 918 sumus
1521 858 1761 938 perfecti
1806 859 1962 919 idem
2010 859 2341 936 sentiamus,
2378 869 2437 920 et
2480 861 2533 920 si
2559 860 2702 939 quid
2739 859 2907 918 aliter

493 935 738 1012 sentitis,
791 937 953 996 Deus
978 936 1090 996 hoc
1117 939 1290 997 etiam
1316 937 1485 998 vobis
1511 937 1811 998 revelabit.
1875 939 2155 998 Attamen
2196 939 2259 997 in
2302 959 2371 998 eo
2416 939 2492 998 ad
2535 940 2693 1017 quod
2718 959 2905 1016 usque

491 1013 879 1094 pervenimus,
908 1015 1110 1075 eadem
1135 1016 1468 1077 incedamus
1492 1017 1752 1095 regula.”
1838 1019 1973 1079 Uno
1994 1019 2191 1094 verbe,
2220 1017 2335 1077 uisi
2352 1019 2591 1078 morbus
2616 1019 2695 1078 sit
2719 1017 2907 1077 letha-

493 1091 570 1153 lis
597 1103 656 1153 et
683 1093 1068 1172 contagiosus,
1097 1115 1216 1154 non
1262 1105 1352 1155 est
1387 1096 1737 1157 deserendus
1764 1117 1935 1175 teger,
1963 1098 2081 1156 imo
2100 1117 2175 1158 ne
2192 1107 2331 1158 tunc
2350 1098 2583 1175 quidem
2612 1098 2726 1158 nisi
2752 1117 2907 1174 aegre

496 1171 824 1232 admodum.
908 1173 1004 1233 Ita
1027 1175 1325 1253 injustitia
1351 1184 1411 1236 et
1436 1177 1775 1236 temeritatis
1800 1177 1905 1236 vul
1946 1197 1982 1236 o
2009 1177 2271 1254 arguitur
2304 1179 2548 1238 Secessio
2574 1179 2908 1237 Donatista·

495 1273 626 1311 rum
671 1252 734 1310 in
756 1251 973 1329 Africa,
996 1255 1098 1331 qui
1112 1274 1230 1314 non
1239 1263 1471 1334 propter
1486 1256 1701 1334 dogma
1715 1257 1873 1334 aliqu
1970 1257 2373 1334 periculosum,
2392 1257 2561 1334 cujus
2580 1258 2911 1317 incusarent

497 1351 698 1392 omnes
725 1332 1032 1410 Ecclesiae,
1063 1334 1166 1394 sed
1186 1345 1418 1413 propter
1443 1336 1660 1396 factum
1674 1336 1975 1414 personale
2002 1335 2206 1396 Felicis
2226 1346 2284 1395 et
2314 1337 2607 1396 Ooeciliani
2624 1357 2685 1398 se
2714 1355 2907 1413 segre·

497 1420 725 1490 garunt,
749 1413 906 1490 quod
925 1433 1032 1472 nec
1052 1434 1254 1474 verum
1271 1423 1411 1489 erat,
1429 1434 1554 1490 nec,
1579 1415 1631 1474 si
1649 1435 1852 1474 verum
1873 1415 2093 1490 fuisset,
2116 1423 2340 1493 poterat
2354 1416 2574 1493 justam
2596 1415 2909 1476 secessioni

499 1491 635 1552 dare
665 1513 915 1553 eausam.
965 1493 1126 1552 Talis
1155 1494 1403 1553 secessio
1429 1494 1540 1552 fuit
1577 1495 1816 1553 Victoris
1843 1495 1918 1553 ab
1943 1494 2223 1554 Ecclesiis
2239 1493 2535 1571 Asiaticis,
2560 1515 2690 1554 cum
2718 1515 2905 1573 quses-

499 1571 582 1632 tio
610 1571 682 1630 de
707 1572 988 1631 Paschate
1007 1591 1124 1630 non
1141 1581 1295 1632 esset
1320 1572 1798 1650 fundamentalis3
1838 1572 1973 1634 talis
2000 1574 2337 1634 Latinorum
2364 1594 2400 1632 a
2428 1575 2651 1635 Graecis
2674 1583 2910 1653 propter

501 1670 753 1710 errorem
780 1670 978 1711 eorum
1005 1650 1078 1710 de
1106 1651 1468 1729 processione
1513 1653 1764 1731 Spiritus
1794 1653 2025 1728 Sancti3
2068 1653 2203 1712 talis
2228 1655 2683 1714 Brownistarum
2721 1663 2783 1713 et
2806 1655 2909 1714 Sc-

489 1731 929 1807 parastatarum,
961 1740 1019 1791 et
1045 1730 1107 1790 id
1133 1751 1318 1808 genus
1345 1731 1739 1809 fanaticorum,
1786 1732 1888 1810 qui
1932 1731 2106 1792 hodie
2154 1753 2280 1793 sese
2327 1754 2363 1793 a
2402 1734 2621 1812 puriori
2644 1733 2911 1794 Ecclesia

505 1830 568 1870 se
639 1829 672 1869 e
789 1818 831 1870 t.

504 1829 980 1978 offswmio
1101 1891 1256 1952 XII.
1299 1893 1520 1952 Verum
1561 1893 1665 1952 ubi
1691 1911 1901 1970 graves
1948 1901 2007 1952 et
2042 1893 2575 1953 momentosissimae
2602 1901 2913 1953 occurrunt

561 1986 629 2032 uit
641 1988 780 2044 justa
811 1991 863 2033 et
903 2001 981 2033 ne·
1023 1971 1328 2032 secedendi
1355 1992 1560 2048 eausae,
1583 1981 1708 2032 tum
1728 1992 1845 2031 non
1871 1972 2044 2031 modo
2066 1974 2218 2031 licita
2244 1981 2303 2032 et
2325 1976 2507 2049 justa,
2528 1972 2634 2032 sed
2652 1981 2712 2033 et
2726 1993 2909 2032 neees—

560 2045 780 2090 canaria
1021 2053 1184 2112 saria
1226 2052 1514 2112 censenda
1539 2061 1629 2112 est
1664 2052 1925 2111 Secessio-
1982 2051 2320 2130 Cujusmodi
2334 2061 2529 2111 autem
2556 2053 2673 2113 sint
2700 2071 2913 2129 graves

502 2131 630 2190 istae
657 2150 863 2207 causae,
893 2130 1100 2190 melius
1124 2131 1357 2192 aliunde
1383 2131 1741 2192 innotescere
1768 2151 1885 2190 non
1905 2139 2113 2209 potest,
2136 2150 2310 2208 quam
2338 2152 2414 2191 ex
2432 2131 2731 2210 principiis
2756 2151 2912 2191 verse

502 2209 660 2270 illius
690 2211 1136 2286 Communionis,
1165 2211 1377 2289 quibus
1405 2210 1669 2270 Ecclesia
1694 2211 2015 2270 instituitur
2040 2219 2099 2270 et
2136 2219 2527 2271 conservatur.
2585 2213 2731 2270 Cum
2771 2229 2913 2268 vero

501 2289 614 2350 tria
641 2290 758 2350 sint
782 2289 1087 2368 praecipua,
1107 2291 1406 2367 Doctrina,
1441 2291 1653 2365 Cultu-s,
1676 2291 1947 2368 Regimen
1962 2314 1986 2363 ;
2023 2289 2144 2365 illst
2164 2310 2293 2368 quae
2320 2290 2495 2349 fidem
2528 2291 2761 2349 instruit
2788 2309 2909 2348 ere-

504 2369 695 2431 denda
755 2369 1160 2448 proponend03
1199 2369 1326 2446 iste,
1376 2370 1479 2447 qui
1520 2389 1711 2428 mores
1740 2369 2027 2446 ⁴informat
2072 2369 2335 2429 facienda
2402 2369 2691 2447 exigendo
2714 2391 2730 2447 3
2779 2369 2909 2443 hoc,

503 2448 662 2526 quod
688 2451 915 2521 ιῦταξιᾌιι
942 2458 1261 2525 conservat,
1293 2449 1446 2509 circa
1485 2449 1787 2526 utriusque
1828 2448 2148 2526 legitimam
2176 2448 2731 2510 administrationem
2778 2468 2908 2508 ver-

505 2527 686 2588 sando
710 2551 724 2605 ;
769 2537 887 2588 tres
915 2527 1088 2586 etiam
1116 2527 1399 2605 primarias
1420 2548 1609 2588 causae
1645 2529 1999 2588 Secessionis
2026 2529 2194 2588 istius
2221 2549 2349 2589 esse
2370 2537 2630 2606 possunt,
2659 2529 2913 2588 Hoeresis

505 2608 565 2666 in
595 2607 891 2682 Doctrina,
920 2607 1263 2667 Idoblatria
1282 2606 1344 2666 in
1372 2607 1562 2681 Cultu,
1597 2609 1879 2684 mannis
1905 2607 1967 2666 in
1988 2607 2313 2685 Regimine.
2370 2609 2517 2667 Cum
2536 2608 2691 2667 enim
2710 2608 2912 2666 Hiere-

505 2687 587 2758 sis
603 2687 1041 2747 fundamentum
1060 2685 1196 2746 fidei
1223 2695 1462 2762 evertat,
1494 2685 1831 2746 Idololatria
1854 2687 2163 2765 puritatem
2190 2687 2381 2748 cultus
2406 2687 2638 2764 penitus
2658 2707 2911 2747 eorrum-

501 2775 619 2844 pat,
644 2775 702 2826 et
713 2766 1001 2844 Tyrannis
1020 2785 1223 2826 verum
1246 2765 1460 2826 Christi
1480 2786 1721 2844 regnum
1743 2766 2017 2843 destruat,
2045 2787 2216 2826 nemo
2238 2787 2413 2826 sanus
2444 2767 2554 2826 ibit
2568 2766 2793 2826 inficias
2814 2787 2911 2826 ve·

503 2866 622 2905 ram
643 2847 964 2906 Ecclesiam
981 2866 1097 2905 non
1113 2865 1284 2924 posse
1301 2865 1433 2905 cum
1449 2845 1541 2904 his
1557 2847 1897 2924 corruptelis
1914 2846 2243 2922 subsistere,
2268 2845 2527 2923 adeoque
2544 2845 2832 2910 neminem
2852 2847 2913 2905 in

504 2935 657 2986 coetu
701 2926 805 2986 tali
847 2928 972 2986 sine
1027 2925 1347 2986 certissimo
1395 2924 1599 2984 salutis
1628 2924 1929 3002 dispendio
1956 2926 2167 2985 morari
2192 2945 2382 3004 posse.
2470 2924 2533 2985 Si
2560 2945 2699 3002 ergo
2728 2925 2824 2985 vel
2851 2925 2913 2984 in

502 3006 804 3085 Doctrina,
825 3026 945 3068 non
969 3005 1143 3068 modo
1169 3005 1248 3067 sit
1266 3025 1424 3067 error
1454 3004 1691 3086 quidam
1724 3004 1891 3080 levis,
1916 3003 2020 3064 sed
2038 3005 2233 3082 plures
2258 3005 2525 3064 exitiales
2544 3012 2605 3063 et
2620 3005 2913 3082 capitales,

545 3087 606 3144 ui
633 3107 732 3145 cor
758 3086 962 3146 salutis
989 3097 1047 3146 et
1071 3087 1210 3146 fidei
1237 3086 1672 3146 fundamentum
1700 3093 1936 3163 petant3
1979 3084 2076 3143 vel
2104 3083 2166 3142 in
2196 3084 2381 3159 Cultu,
2418 3103 2533 3142 non
2582 3083 2913 3163 superstitio

544 3173 804 3238 untaxat,
855 3165 959 3223 sed
1021 3164 1250 3223 infamis
1297 3166 1472 3224 etiam
1523 3163 1889 3238 idololatria;
1939 3163 2036 3222 vel
2088 3163 2150 3220 iu
2196 3164 2505 3240 Reyt'mine,
2556 3182 2673 3221 non
2720 3163 2914 3240 aliqua

505 3243 738 3301 demum
781 3243 988 3314 ἀτιξία,
1022 3243 1124 3302 sed
1145 3243 1409 3318 tyrannis
1435 3241 1760 3317 durissima,
1784 3249 1845 3300 et
1870 3241 2250 3302 intolerabilis
2264 3242 2606 3320 persecutiO‚
2636 3251 2759 3302 tum
2787 3263 2911 3302 cor·

502 3321 736 3398 poralis,
769 3328 892 3380 tum
921 3321 1253 3398 spiritualis,
1284 3340 1360 3379 ex
1388 3340 1457 3379 eo
1485 3329 1639 3378 coetu
1674 3319 2057 3380 secedendum
2084 3341 2212 3382 esse
2251 3341 2421 3380 nemo
2450 3341 2663 3398 negare
2702 3329 2911 3415 potest.

512 3403 564 3458 1.
609 3398 758 3473 Quia
783 3400 1244 3458 communionem
1269 3399 1458 3459 colere
1485 3418 1591 3458 nec
1619 3418 1923 3476 possumus
1950 3420 2058 3459 nec
2098 3400 2377 3460 debemus
2404 3421 2537 3460 cum
2562 3401 2910 3478 hominibus,

504 3479 618 3540 nisi
645 3485 928 3556 quatenus
954 3487 1145 3556 potest
1173 3477 1484 3538 subsistere
1511 3498 1642 3537 cum
1687 3479 2087 3538 communione
2132 3479 2261 3556 Dei,
2304 3481 2413 3558 'qui
2460 3499 2495 3538 a
2537 3480 2705 3538 nobis
2742 3499 2917 3558 supra

506 3565 715 3619 caetera
741 3558 932 3616 omnia
958 3557 1290 3636 diligendus
1317 3566 1406 3617 est
1433 3567 1492 3618 et
1517 3556 1813 3617 colendus.
1898 3557 1983 3618 At
2023 3559 2349 3618 communio
2399 3559 2513 3618 Dei
2554 3577 2673 3617 non
2724 3567 2917 3635 potest

505 3637 723 3710 haberi,
754 3637 857 3696 ubi
881 3637 1132 3696 haereses
1151 3637 1426 3714 capitales
1447 3657 1578 3697 cum
1601 3638 1797 3696 Verbo
1818 3637 1929 3696 Dei
1957 3646 2282 3714 pugnantes
2310 3646 2661 3715 grassantur,
2696 3638 2794 3696 vel
2815 3637 2915 3697 ubi

504 3716 728 3778 obtinet
755 3715 1110 3794 Idololatria,
1133 3735 1263 3794 quae
1289 3715 1636 3777 adulterium
1662 3725 1752 3777 est
1769 3716 2081 3795 spirituale,
2105 3717 2202 3775 vel
2219 3717 2507 3794 Tyn-annis
2532 3717 2597 3774 in
2620 3717 2914 3775 conscien-

505 3799 618 3858 tias
664 3804 989 3873 usurpatur,
1039 3815 1170 3873 quse
1210 3797 1423 3854 crimen
1470 3804 1560 3855 est
1585 3795 1740 3855 laesae
1788 3795 2109 3871 majestatis
2152 3796 2213 3853 in
2260 3796 2467 3872 Deum,
2514 3804 2575 3855 et
2622 3795 2913 3854 Christum

506 3877 741 3937 unicum
769 3875 1049 3936 Ecclesiae
1067 3875 1307 3954 Regem,
1331 3873 1610 3934 ὄιν-ὕστατοι
1635 3895 1767 3934 cum
1798 3875 2076 3952 obsequio
2103 3873 2191 3932 illi
2215 3874 2431 3934 debito,
2500 3879 2556 3934 2.
2588 3875 2733 3934 Cum
2761 3895 2914 3933 com·

507 3956 703 4017 munio
731 3956 844 4016 ista
869 3975 1002 4016 cum
1027 3954 1358 4015 hominibus
1393 3974 1512 4014 non
1537 3955 1715 4014 alium
1739 3955 1802 4013 in
1829 3953 2003 4012 finem
2029 3962 2335 4030 quieratur,
2365 3973 2539 4031 quam
2568 3954 2645 4013 ad
2670 3953 2915 4012 salutem

507 4035 896 4112 obtinendam,
926 4034 1028 4095 ubi
1055 4035 1212 4094 salus
1239 4034 1300 4092 in
1319 4033 1629 4094 discrimen
1656 4032 1977 4110 adducitur,
2006 4032 2162 4110 quod
2189 4033 2255 4092 fit
2282 4052 2358 4092 ex
2386 4033 2575 4092 causis
2606 4031 2913 4110 praedictis,

507 4116 654 4174 ratio
683 4115 886 4175 salutis
913 4114 1183 4192 postulat,
1215 4122 1281 4173 ut
1305 4113 1441 4172 talis
1469 4113 1793 4172 communio
1821 4112 2135 4172 deseratur.
2218 4116 2273 4172 3.
2332 4112 2483 4187 Quia
2507 4112 2641 4172 talis
2670 4111 2917 4170 secessio

507 4214 706 4253 veram
737 4195 1012 4254 Ecclesiae
1040 4193 1319 4252 unitatem
1341 4199 1663 4268 conservat,
1692 4211 1865 4270 quam
1893 4191 2219 4252 communio
2246 4211 2378 4251 cum
2400 4191 2665 4250 Ecclesia
2689 4191 2917 4250 haereti-

507 4291 578 4332 ea
597 4281 657 4330 et
683 4272 1042 4333 idololatrica
1059 4272 1320 4332 destruit.
1364 4274 1422 4330 4.
1453 4270 1602 4345 Quia
1624 4271 1951 4347 ubicunque
1986 4271 2311 4330 communio
2353 4290 2471 4336 non
2496 4278 2688 4348 potest
2714 4270 2915 4329 haberi

509 4349 624 4412 nisi
645 4350 878 4427 injusta,
914 4351 1240 4427 justissima
1265 4350 1554 4410 censenda
1573 4359 1663 4410 est
1704 4350 1780 4408 ab
1807 4369 1877 4408 ea
1903 4350 2221 4426 separatio;
2266 4349 2373 4409 sed
2414 4349 2740 4410 communio
2783 4368 2915 4408 cum

512 4429 804 4504 societate,
865 4449 956 4487 uae
973 4429 1132 4488 fovet
1157 4450 1378 4490 errores
1409 4438 1469 4489 et
1495 4429 1687 4489 cultus
1708 4428 1973 4488 exitiales
1993 4428 2209 4507 injusta
2234 4437 2340 4505 est,
2384 4429 2521 4507 quia
2546 4447 2717 4487 nemo
2745 4427 2919 4487 debet

511 4507 690 4572 errori
718 4515 777 4566 et
804 4507 821 4565 i
867 4506 1142 4566 ololatriae
1169 4507 1460 4567 adhaerere
1484 4531 1498 4583 ;
1543 4528 1684 4584 ergo
1708 4507 1955 4566 secessio
1982 4507 2057 4566 ab
2084 4527 2154 4567 ea
2172 4509 2331 4584 juste
2358 4515 2553 4585 potest
2589 4507 2732 4567 fieri.

593 4586 784 4648 XIII.
859 4585 976 4646 Sed
1022 4604 1138 4644 uon
1185 4595 1404 4646 tantum
1447 4589 1608 4664 justa
1637 4587 1925 4646 censenda
1964 4595 2053 4646 cst
2100 4587 2233 4646 talis
2283 4587 2549 4662 secessio,
2593 4587 2699 4645 sed
2746 4586 2915 4645 etiam
