3234 5192
564 247 684 305 450
1116 264 1195 303 ns
1226 262 1710 305 sarisracrroms
1737 262 1972 303 cums-rr
2002 262 2322 305 vnum-ns.
2545 243 2804 325 [msru‘r.
2835 264 2971 303 xm.

564 404 885 483 majestatis
911 423 1061 480 reuS,
1112 404 1237 465 sola
1264 423 1403 481 ergo
1448 410 1744 479 supererat
1789 402 2108 463 redimendi
2155 404 2301 463 ratio
2349 402 2638 465 sufficiens
2685 423 2788 480 per
2813 403 2968 461 viam

559 486 803 564 justitiae
834 484 1039 544 solutis
1066 484 1335 543 omnibus
1363 483 1577 542 nostris
1604 483 1818 542 debitis
1846 504 1949 561 per
1977 502 2309 561 sponsorem
2338 493 2598 543 nostrum
2629 483 2940 544 Christum.

650 564 910 623 XXIX.
955 565 1238 624 Caeterum
1268 563 1377 623 etsi
1422 571 1540 622 tres
1588 564 1809 641 priores
1857 564 2214 623 liberationis
2257 564 2414 622 modi
2463 564 2698 623 seorsim
2729 563 2824 622 hic
2852 583 2970 621 non

566 646 834 721 valeant3
877 640 995 703 n01'1
1043 642 1399 703 diffitendum
1447 651 1642 701 tamen
1691 643 1798 701 sub
1844 642 2038 719 aliqua
2086 644 2248 720 σχέσει
2297 663 2496 703 omnes
2541 643 2713 703 simul
2753 644 2814 701 in
2855 644 2967 703 hoc

568 724 809 785 salutari
834 745 1005 802 opere
1033 741 1387 796 concurrere,
1434 731 1605 801 atque
1646 722 1785 781 hine
1825 722 2118 782 conciliari
2154 732 2399 803 possunt
2429 724 2590 783 varia
2615 724 2746 783 loca
2776 720 2970 801 Scrip-

567 816 711 869 turae
740 807 800 863 in
830 805 1078 882 speeiem
1105 804 1442 883 pugnantia,
1472 823 1717 881 qnorum
1746 802 1861 861 alia
1888 802 2089 862 dieunt
2117 824 2224 863 nos
2246 802 2430 880 ¹‹Ji-atis
2456 824 2560 882 per
2587 804 2830 881 gratiam
2857 803 2969 863 Dei

568 895 626 957 et
655 887 778 945 sine
817 886 1085 963 operibus
1132 884 1483 960 justificatos
1512 891 1571 943 et
1612 884 1883 958 salvat05,
1913 892 1980 942 ut
2029 884 2198 942 Rom.
2247 884 2329 942 iii.
2374 888 2469 960 24,
2515 884 2666 961 Eph.
2710 884 2770 942 ii.
2801 886 2856 958 8,
2889 886 2965 959 9;

568 965 708 1037 Alia
744 966 1006 1039 innuunt,
1058 984 1165 1023 nos
1184 964 1374 1041 pretio
1402 962 1730 1041 redemptos
1758 983 1901 1039 esse,
1935 971 1999 1023 ut
2029 966 2060 1021 1
2094 964 2223 1023 Cor.
2254 964 2332 1022 vi.
2364 967 2459 1041 20,
2491 975 2548 1023 et
2581 968 2609 1021 1
2646 964 2770 1023 Pet.
2800 964 2839 1022 i.
2874 967 2966 1039 19,

568 1044 696 1122 &e;
748 1045 889 1105 Alia
905 1046 1375 1122 permumtionem
1422 1043 1676 1121 aliquam
1703 1042 1914 1102 factam
1942 1063 2068 1103 esse
2097 1043 2321 1120 docent,
2371 1040 2501 1103 Gal.
2550 1044 2630 1103 iii.
2685 1047 2778 1119 13,
2829 1052 2886 1103 et
2930 1050 2970 1103 2

569 1127 696 1184 Cor.
728 1146 786 1184 v.
815 1129 887 1185 21
913 1147 928 1199 ς
972 1124 1112 1183 Alia
1138 1124 1451 1183 ostendunt
1477 1144 1585 1183 nos
1612 1124 1673 1181 vi
1703 1134 1761 1183 et
1789 1124 2046 1201 potentia
2073 1123 2267 1201 aliqua
2293 1124 2366 1183 ab
2395 1124 2658 1183 hostibus
2676 1124 2966 1199 liberatos,

570 1206 723 1265 Heb.
754 1206 813 1265 ii.
850 1209 940 1282 14,
988 1205 1110 1265 Col.
1140 1204 1199 1265 ii.
1236 1208 1328 1279 15,
1374 1204 1491 1262 Isa.
1520 1202 1666 1263 lxiii.
1698 1206 1770 1277 53
1816 1203 1920 1261 sed
1947 1203 2070 1261 haec
2112 1204 2304 1262 omnia
2332 1202 2629 1263 verissime
2659 1204 2968 1263 dicuntur:

566 1286 715 1345 Nam
744 1307 875 1347 cum
902 1288 1053 1344 salus
1080 1294 1279 1344 nostra
1304 1284 1413 1345 sub
1442 1282 1806 1362 quadruplici
1831 1292 2096 1360 respectu
2123 1284 2472 1346 considerari
2501 1284 2702 1361 possit,
2731 1284 2828 1343 vel
2855 1285 2976 1343 Dei

550 1368 880 1442 judicanti-3,
912 1366 1008 1425 vel
1054 1365 1267 1425 Christi
1306 1363 1642 1439 redimentis,
1674 1363 1769 1421 vel
1807 1364 2088 1421 hominum
2132 1367 2563 1441 redemptorum,
2595 1363 2690 1423 vel
2735 1364 2973 1423 Diaboli

566 1448 859 1505 obsidentis
886 1456 941 1505 et
975 1446 1264 1522 tyrannice
1291 1443 1617 1520 imperantis
1635 1466 1656 1501 .·
1686 1443 1896 1513 Quoad
1917 1442 2226 1501 Diabolum
2255 1464 2453 1503 sumus
2471 1443 2728 1521 potentia
2747 1464 2966 1509 summa

564 1535 623 1586 et
649 1527 864 1585 virtute
893 1525 1287 1585 efficacissima
1313 1523 1557 1599 liberati,
1589 1523 1802 1601 quippe
1830 1542 2002 1599 quem
2031 1522 2293 1583 Christus
2321 1524 2480 1601 prius
2507 1524 2726 1583 victum
2756 1532 2814 1582 et
2829 1524 2965 1598 jure

566 1606 679 1664 sibi
704 1606 1094 1681 mancipatum
1123 1604 1185 1663 vi
1213 1613 1271 1663 et
1298 1604 1473 1662 armis
1503 1604 1791 1681 spoliavit,
1823 1604 2018 1679 quoad
2041 1622 2142 1660 nos
2156 1605 2340 1679 qratia
2368 1604 2651 1681 redempti
2679 1624 2876 1665 sumus
2905 1613 2966 1663 et

565 1686 792 1758 salvati,
815 1685 960 1743 nihil
982 1684 1135 1743 enim
1154 1704 1227 1743 ex
1256 1682 1423 1741 nobis
1452 1682 1593 1761 ipsis
1622 1682 1970 1741 contulimus
1999 1680 2074 1739 ad
2120 1683 2303 1753 nostri
2330 1683 2746 1761 liberationem,
2776 1687 2972 1763 quoad

569 1766 853 1824 Christum
882 1784 1079 1823 sumus
1098 1763 1428 1839 permutati,
1460 1762 1597 1839 quia
1625 1760 1723 1821 ille
1751 1782 1854 1839 pro
1883 1760 2051 1821 nobis
2079 1762 2266 1823 factus
2295 1773 2383 1823 est
2411 1773 2710 1841 peceatum
2741 1774 2799 1823 et
2829 1784 2962 1823 exe-

565 1845 745 1904 cratio
774 1853 839 1904 ut
866 1863 1124 1903 essemus
1164 1841 1490 1903 benedictio
1522 1842 1634 1901 Dei
1661 1842 1722 1899 in
1766 1842 1909 1919 ipse,
1954 1844 2148 1919 quoad
2172 1846 2360 1902 Deum
2388 1842 2636 1922 denique
2655 1846 2844 1921 pretio
2871 1866 2962 1903 re-

564 1926 777 2001 dempti
799 1945 932 1984 cum
960 1924 1211 2002 seipsum
1232 1922 1479 1999 justitiae
1509 1920 1724 1981 divinae
1745 1924 2029 2003 ἅντίλυτςοι
2056 1943 2160 2000 pro
2188 1924 2358 1982 nobis
2387 1922 2650 1983 Christus
2679 1924 2962 1986 exhibuit.

566 2005 715 2079 Quia
741 2026 881 2065 vero
909 2025 1025 2063 non
1053 2024 1182 2063 raro
1215 2003 1509 2081 Scriptura
1538 2022 1682 2080 opus
1711 2002 1820 2061 hoc
1849 2002 2259 2080 redemptionis
2287 2004 2565 2080 mirabile,
2599 2004 2706 2063 sub
2735 2004 2966 2081 gemina

564 2086 927 2163 potissimum
956 2086 1118 2162 σχίσει
1148 2082 1473 2145 considerat
1501 2089 1560 2141 et
1594 2082 1704 2141 Dei
1731 2091 1789 2143 et
1819 2081 2052 2141 Diaboli
2080 2103 2115 2141 a
2142 2083 2354 2161 quibus
2395 2083 2781 2143 diversimode
2819 2084 2961 2143 libe-

564 2166 677 2225 rari
706 2166 1047 2241 debuimus;
1102 2165 1244 2225 Ideo
1291 2165 1417 2223 haec
1465 2162 1581 2221 duo
1629 2162 1994 2240 peculiariter
2042 2163 2272 2223 Christo
2322 2164 2668 2241 redemptori
2712 2164 2964 2225 tribuere

565 2246 728 2319 solet,
758 2246 1051 2305 Justitiam
1092 2254 1151 2303 et
1179 2244 1515 2319 Potentiam,
1548 2242 1706 2301 illam
1736 2262 1851 2320 qua
1878 2242 1951 2301 ab
1981 2242 2067 2301 ira
2096 2242 2208 2301 Dei
2255 2264 2362 2303 nos
2389 2244 2609 2319 eximit,
2654 2246 2822 2303 istam
2851 2266 2966 2323 qua

564 2346 600 2384 a
627 2324 931 2402 tyrannide
962 2324 1198 2383 Diaboli
1224 2343 1331 2382 nos
1358 2322 1603 2396 liberat3
1651 2321 1848 2400 Atque
1895 2322 2030 2381 hinc
2078 2323 2312 2401 gemina
2358 2323 2460 2383 illa
2487 2323 2652 2401 Aqui
2674 2333 2733 2385 et
2761 2326 2964 2384 Leonis

564 2404 891 2481 appellatio,
924 2423 1053 2479 quae
1080 2403 1253 2463 toties
1282 2402 1511 2477 Christo
1540 2402 1848 2461 tribuitur:
1895 2400 2107 2478 Agnus
2135 2403 2426 2461 victimam
2471 2404 2661 2481 refert,
2695 2404 2815 2464 Leo
2843 2406 2963 2463 vic-

564 2485 786 2560 toriam,
848 2484 1058 2561 Agnus
1112 2483 1456 2560 passionem,
1510 2482 1630 2541 Leo
1678 2481 2050 2559 triumphum,
2103 2481 2316 2559 Agnus
2363 2484 2649 2560 meritum,
2703 2482 2822 2543 Leo
2850 2486 2967 2543 vir-

564 2573 765 2639 tutem,
824 2562 1036 2642 Agnus
1082 2562 1377 2641 proprium
1426 2561 1764 2639 sanguinem
1809 2560 2016 2638 fundit,
2075 2562 2196 2623 Leo
2244 2562 2512 2639 alienum,
2571 2564 2783 2643 Agnus
2831 2565 2970 2643 quia

564 2644 846 2723 sanguine
874 2664 979 2705 suo
1006 2643 1251 2703 redemit
1299 2642 1640 2716 Ecclesiam,
1694 2641 1814 2701 Leo
1864 2640 2002 2720 quia
2042 2643 2246 2703 robore
2276 2663 2380 2703 suo
2410 2643 2655 2704 destruit
2681 2644 2964 2720 inimicos,

566 2726 777 2803 Agnus
804 2734 1073 2803 respectu
1117 2723 1229 2783 Dei
1257 2723 1328 2782 ad
1360 2743 1489 2783 eum
1538 2721 1902 2800 placandum,
1952 2720 2073 2781 Leo
2117 2735 2380 2801 respectu
2427 2724 2664 2783 Diaboli
2710 2725 2785 2783 ad
2831 2745 2964 2784 eum

562 2806 948 2866 vincendum:
994 2806 1151 2865 Hinc
1178 2804 1351 2864 etiam
1379 2802 1555 2862 variae
1584 2802 1786 2862 mortis
1829 2811 1889 2861 et
1929 2803 2115 2863 crucis
2157 2803 2652 2864 denominationes
2686 2806 2964 2880 oriuntur,

564 2885 705 2947 dum
746 2887 849 2945 illa
894 2886 1075 2946 altare
1124 2883 1452 2945 Sacerdotis
1496 2882 1823 2961 aliquandO,
1877 2881 2030 2941 Heb.
2077 2882 2202 2944 xiii.
2258 2886 2349 2959 10,
2400 2892 2459 2943 et
2506 2884 2736 2962 quando
2765 2905 2968 2945 currus

564 2967 928 3044 triumphalis
957 2967 1194 3026 victoris
1222 2964 1448 3037 dieitur,
1482 2963 1605 3022 Col.
1634 2963 1694 3023 ii.
1730 2965 1821 3037 15,
1853 2970 1912 3021 et
1939 2962 2114 3045 λΰτςοι
2131 2984 2244 3041 quo
2267 2964 2427 3025 Deus
2443 2964 2722 3043 placatur,
2749 2966 2967 3025 Matth.

564 3067 666 3105 xx.
698 3050 793 3119 28,
826 3055 885 3105 et
910 3046 1063 3105 ὅπλον
1090 3066 1205 3124 quo
1238 3044 1521 3104 Diabolus
1549 3044 1887 3119 debellatur,
1923 3043 2076 3103 Heb.
2106 3044 2166 3102 ii.
2202 3048 2294 3104 14.

646 3125 870 3183 XXX.
918 3126 1053 3185 Huc
1096 3126 1344 3203 pertinet
1392 3124 1563 3183 etiam
1607 3122 1764 3199 quod
1791 3123 1852 3179 in
1881 3122 1957 3181 V.
1988 3124 2056 3182 T.
2087 3123 2158 3182 de
2200 3125 2287 3183 ’,ιιι
2329 3123 2588 3199 refertur,
2633 3144 2766 3183 nam
2811 3134 2870 3185 et
2913 3126 2969 3185 is

564 3212 740 3279 typus
758 3204 1005 3263 eximius
1020 3206 1131 3263 hac
1160 3205 1219 3261 in
1246 3211 1407 3281 parte
1438 3202 1547 3261 fuit
1576 3202 1790 3261 Christi
1811 3202 2206 3280 redemptoris,
2237 3204 2390 3265 unde
2421 3204 2542 3281 ipse
2573 3204 2821 3263 Messias
2855 3206 2971 3267 hoe

564 3281 795 3341 nomine
822 3303 939 3341 non
968 3303 1095 3341 raro
1124 3282 1452 3359 insignitur,
1484 3282 1625 3341 Job.
1655 3283 1779 3340 xix.
1811 3284 1906 3356 25,
1932 3282 2111 3361 “Ego
2135 3284 2255 3346 scio
2284 3288 2393 3347 ἐκ)
2421 3282 2577 3363 quod
2609 3284 2970 3363 Redemptor

564 3382 727 3421 meus
746 3362 951 3437 vivit,”
976 3362 1091 3421 Isa.
1104 3362 1209 3419 lix.
1222 3364 1317 3437 20,
1342 3370 1377 3396 “
1391 3361 1585 3420 veniet
1602 3361 1678 3419 ad
1695 3361 1832 3419 Sion
1851 3361 2000 3433 ’,ιι-,β’
2013 3362 2186 3441 Targ.
2205 3388 2317 3441 pm:
2331 3364 2657 3442 redemptor
2677 3374 2736 3425 et
2756 3365 2967 3425 libera-

563 3450 671 3501 tor.
727 3443 771 3502 J
774 3462 843 3501 us
864 3451 1055 3501 autem
1084 3441 1335 3501 habebat
1364 3440 1531 3515 Geel,
1567 3444 1618 3500 1.
1648 3440 1765 3499 Res
1792 3442 2060 3501 venditas
2089 3451 2148 3502 et
2173 3444 2452 3503 alienatas
2481 3444 2672 3505 fratris
2701 3453 2800 3503 aut
2828 3466 2969 3523 cog-

561 3524 700 3599 nati,
722 3542 925 3600 agrum
942 3531 1098 3599 puta,
1120 3520 1371 3595 domum,
1398 3518 1505 3599 &e
1524 3520 1861 3599 redimendi,
1883 3522 2024 3581 Lev.
2057 3544 2200 3597 xxv.
2231 3527 2326 3601 25,
2357 3524 2650 3599 reddendo
2671 3525 2818 3583 inbre:
2838 3545 2968 3603 pre-

562 3604 709 3663 tium
736 3623 851 3680 quo
880 3610 1085 3680 emptae
1107 3601 1333 3660 fuerant
1352 3620 1445 3660 res
1461 3598 1577 3659 illae
1598 3601 1965 3679 proportione
1989 3602 2111 3661 scil.
2137 3605 2409 3682 temporis
2433 3612 2676 3664 servata.
2735 3610 2790 3664 2.
2816 3606 2967 3683 Cap-

562 3685 747 3744 tivum
776 3682 1022 3743 eundem
1052 3681 1148 3740 vel
1176 3701 1405 3739 servum
1433 3680 1735 3757 liberandi,
1781 3682 1920 3741 ibid.
1950 3703 2008 3741 v.
2039 3686 2136 3759 47,
2168 3687 2262 3755 48,
2312 3687 2347 3716 “
2371 3685 2420 3742 si
2454 3684 2628 3744 frater
2655 3694 2789 3745 tuus
2817 3693 2966 3745 atte-

562 3774 772 3824 nuatus
790 3764 962 3824 fuerit
974 3772 1033 3822 et
1053 3783 1113 3821 se
1135 3759 1463 3821 vendiderit
1473 3762 1778 3839 peregrino
1801 3770 1858 3821 et
1879 3762 2136 3835 advenae,
2161 3763 2480 3841 redemptio
2501 3764 2610 3824 erit
2631 3766 2701 3839 ei,
2715 3784 2865 3823 unus
2887 3786 2967 3825 ex

558 3845 832 3904 fratribus
860 3844 987 3919 ejus
1015 3842 1259 3902 redimet
1286 3861 1415 3900 eum
1432 3842 1489 3917 ;'’
1519 3844 1575 3901 3.
1603 3840 1978 3901 Interfectum
1999 3842 2330 3902 vindicandi
2359 3844 2511 3904 unde
2539 3845 2856 3903 vocabatur
2874 3845 2965 3904 ἰω

558 3944 658 3981 tam-x
691 3926 911 3985 Vindex
936 3922 1241 4000 sanguinis,
1263 3920 1335 3981 de
1365 3942 1498 3999 que,
1524 3922 1698 3981 Num.
1729 3943 1934 3997 xxxv„
1960 3932 2019 3982 et
2049 3923 2222 3983 Deut.
2252 3924 2376 3982 xix.
2410 3928 2464 3985 6.
2511 3924 2750 3983 Hebraei
2775 3925 2964 3984 multa

558 4006 630 4065 de
675 4026 744 4064 eo
789 4004 1041 4075 tradunt,
1094 4012 1159 4063 ut
1203 4002 1360 4079 quod
1403 4001 1855 4080 persequebatur
1900 4002 2248 4063 homicidam
2297 4012 2356 4063 et
2393 4003 2498 4078 jus
2547 4004 2800 4063 habebat
2829 4025 2960 4063 eum

556 4085 855 4145 occidendi
885 4084 1069 4144 sicubi
1114 4103 1245 4143 eum
1293 4090 1497 4141 nactus
1546 4082 1750 4141 fuisset
1793 4082 1894 4141 ubi
1941 4083 2016 4142 ad
2066 4084 2472 4163 Magistratum
2521 4084 2807 4163 appellare
2845 4105 2964 4143 non

556 4174 765 4243 posset,
798 4166 908 4229 nisi
939 4185 1001 4224 se
1031 4163 1340 4241 recepisset
1366 4162 1441 4220 ad
1471 4162 1644 4222 urbes
1672 4161 1896 4239 refugii,
1927 4172 2065 4223 tune
2087 4164 2239 4224 enim
2269 4184 2388 4223 non
2415 4164 2626 4224 licebat
2652 4164 2962 4223 manusilli

554 4246 839 4305 violentas
868 4246 1075 4304 inferre
1103 4268 1115 4303 z
1159 4253 1218 4304 et
1244 4243 1325 4302 ibi
1342 4242 1634 4302 homicida
1655 4242 1906 4302 maxime
1936 4244 1983 4302 si
2013 4252 2136 4304 erat
2163 4256 2267 4306 ,πε-5
2297 4244 2358 4302 id
2387 4254 2475 4305 est
2503 4244 2554 4303 si
2581 4264 2684 4323 per
2711 4263 2960 4303 errorem

553 4333 611 4383 et
638 4325 1025 4401 ignorantium
1054 4323 1425 4384 homicidium
1455 4330 1785 4401 patraverat
1815 4322 1973 4402 (nam
2014 4344 2123 4381 ww:
2167 4323 2269 4402 qui
2297 4334 2499 4403 sponte
2530 4334 2588 4384 et
2617 4324 2754 4383 data
2787 4344 2963 4402 opera

552 4402 613 4460 id
654 4403 867 4462 fecerat
906 4414 1211 4481 postquam
1256 4405 1316 4462 in
1360 4426 1433 4477 -‚··-.
1462 4425 1555 4463 w:
1602 4404 1958 4463 consistorio
2007 4424 2180 4463 causa
2221 4403 2484 4465 discussa
2528 4404 2714 4465 fuerat
2761 4413 2819 4463 et
2862 4403 2962 4464 ille

551 4502 687 4539 τετε-,τι
719 4504 829 4539 :am-i
874 4502 1005 4541 reus
1045 4484 1247 4541 mortis
1289 4484 1475 4542 fuerat
1516 4483 1928 4561 depreliensuS‚
1961 4484 2336 4561 magistratus
2364 4484 2715 4544 authoritate
2743 4485 2958 4562 plecte-

549 4559 744 4639 batur)
774 4579 1106 4637 permanere
1135 4561 1384 4622 debebat
1412 4582 1593 4639 usque
1623 4562 1697 4621 ad
1725 4572 1968 4623 mortem
1999 4564 2209 4623 summi
2239 4564 2556 4641 Ponfificis‚
2593 4586 2710 4642 qua
2737 4564 2958 4624 reditus
