3234 5192
814 975 1444 1095 DISPUTATIO
1513 1012 2196 1105 THEOLosch,

363 1258 494 1347 DE
602 1258 1457 1355 SATISFAGTIONIS
1568 1255 2000 1351 CHRISTI
2107 1192 2651 1371 VERITATE,

1206 1518 1423 1585 PARS
1494 1516 1734 1585 NONA.
1807 1546 1816 1557 ·

892 1922 1281 1997 Respondente
1312 1920 1519 1979 Pium
1549 1920 1806 1993 Covnsz,
1851 1917 2107 1977 Metensi.

390 2074 683 2153 Superiori
706 2076 1109 2153 Disputatione
1130 2077 1383 2137 vidimus
1411 2084 1471 2136 et
1496 2076 1878 2153 expendimus
1899 2076 2166 2149 rationes,
2197 2074 2408 2152 quibus
2436 2075 2706 2133 adversa·

304 2154 378 2212 rii
416 2154 657 2231 probare
706 2166 987 2215 conantur
1036 2156 1499 2215 Satisfaetionem
1545 2154 1959 2233 impossibilem
2004 2153 2180 2213 fuisse
2223 2174 2259 2213 a
2297 2162 2458 2231 parte
2507 2154 2626 2213 Dea·
2648 2161 2708 2213 et

309 2233 536 2309 Ohrt'sti,
568 2244 830 2313 superest
856 2244 923 2294 ut
949 2234 1025 2294 ad
1052 2255 1293 2294 examen
1332 2255 1672 2295 revocemus
1698 2254 1798 2295 eas
1825 2234 2036 2312 quibus
2063 2234 2328 2293 evincere
2359 2242 2630 2311 satagunt
2669 2252 2707 2291 a

304 2322 467 2391 parte
478 2333 664 2390 poenae
690 2314 888 2393 ipsius,
921 2324 981 2375 et
1020 2314 1304 2374 hominum
1345 2334 1589 2390 reorum,
1620 2336 1739 2374 non
1766 2315 2022 2393 potuisse
2050 2332 2188 2373 vere
2215 2313 2357 2389 dari,
2390 2314 2550 2391 quod
2595 2314 2706 2372 hae

306 2393 711 2471 Disputatione
739 2396 994 2455 breviter
1020 2416 1149 2455 cum
1178 2396 1331 2455 bono
1362 2396 1487 2458 Deo
1515 2396 1908 2473 expediemus.
2582 2401 2587 2408 '

384 2474 434 2532 Ι.
480 2466 869 2535 contendunt‘
904 2496 1044 2554 ergo
1098 2476 1319 2535 ratione
1356 2473 1549 2535 Paenae
1590 2476 2005 2553 impossibilem
2033 2474 2210 2534 fuisse
2243 2472 2706 2533 Satisfactionem

301 2552 413 2612 hae
439 2554 721 2632 imprimis
764 2556 983 2615 ratione
1021 2556 1199 2616 moti:
1243 2556 1353 2632 Qui
1402 2576 1517 2615 non
1556 2556 1733 2615 solvit
1759 2554 1822 2613 id
1848 2555 2004 2633 quod
2033 2576 2066 2613 a
2093 2554 2262 2613 nobis
2290 2554 2624 2627 debebatur,
2654 2551 2706 2611 is

300 2652 440 2693 vere
466 2654 570 2713 pro
598 2637 767 2695 nobis
815 2656 932 2695 non
980 2636 1293 2712 satisfecit3
1340 2637 1424 2696 At
1454 2636 1718 2695 Christus
1745 2654 1862 2692 non
1891 2635 2068 2693 solvit
2094 2632 2250 2710 quod
2279 2653 2315 2691 a
2341 2633 2508 2691 nobis
2529 2632 2702 2690 debe-

301 2712 487 2788 batur,
532 2715 851 2775 debebatur
876 2716 1031 2775 enim
1058 2735 1213 2774 mors
1242 2726 1456 2774 aeterna
1484 2734 1558 2773 ex
1578 2714 1810 2792 justitia
1839 2714 1982 2788 Dei3
2029 2712 2294 2772 Christus
2321 2721 2514 2771 autem
2541 2711 2700 2768 illam

302 2811 419 2850 non
446 2794 640 2867 subiit,
672 2796 776 2853 sed
802 2804 1027 2854 tantum
1056 2794 1463 2871 temporalem:
1492 2794 1695 2871 primo,
1719 2792 1856 2868 quia
1881 2810 2036 2850 mors
2059 2802 2272 2849 aeterna
2299 2810 2412 2848 non
2441 2798 2701 2865 pertran-

300 2871 462 2946 situr,
494 2882 555 2931 at
583 2873 845 2932 Christus
866 2874 1213 2949 resurrexit3
1259 2872 1528 2945 secunde,
1559 2872 1708 2930 finiti
1745 2871 1821 2928 ad
1847 2871 2134 2929 infinitum
2162 2868 2324 2927 nulla
2350 2878 2438 2927 est
2465 2888 2702 2945 propor-

298 2949 397 3024 tio,
430 2970 619 3027 poenae
650 2952 865 3011 Christi
892 2961 1147 3029 tempore
1172 2952 1351 3010 finitae
1377 2951 1624 3027 fuerunt,
1656 2958 1854 3027 utpote
1887 2968 2042 3008 mors
2089 2947 2372 3025 triduana,
2403 2957 2464 3007 et
2489 2957 2702 3008 nostrae

300 3030 461 3089 nullo
488 3038 744 3108 tempore
772 3031 1041 3090 finiendae
1066 3041 1247 3091 erant.

276 3143 281 3147 ·
378 3110 466 3167 II.
510 3110 573 3169 Si
601 3119 845 3171 mortem
887 3122 1159 3171 aeternam
1209 3110 1593 3184 sustinuisset,
1646 3112 1992 3186 desperasset
2007 3131 2026 3167 .·
2076 3108 2418 3186 Desperatio
2439 3106 2594 3167 enim
2640 3114 2701 3167 et

300 3189 664 3250 conscientias
691 3210 916 3251 morsus
944 3198 1034 3250 est
1059 3192 1289 3269 propria
1314 3190 1714 3249 damnatorum
1741 3208 1930 3267 poena,
1961 3189 2058 3247 vel
2085 3188 2544 3266 inseparabiliter
2570 3189 2703 3247 cum

300 3290 370 3328 ea
397 3290 675 3347 connexa,
708 3272 823 3331 Isa.
851 3272 997 3330 lxvi.
1028 3276 1123 3346 24,
1156 3280 1214 3329 et
1236 3271 1418 3329 Marc.
1464 3270 1544 3329 ix.
1575 3273 1674 3345 44,
1704 3290 1835 3347 quse
1863 3290 1899 3327 a
1927 3268 2156 3329 Christo
2183 3268 2520 3345 longissime
2549 3287 2698 3327 sem-

298 3369 403 3427 per
430 3350 630 3411 abfuit.
675 3352 881 3429 Itaque
929 3370 1116 3427 neque
1143 3350 1335 3428 quoad
1362 3350 1761 3427 quantitatem,
1785 3369 1973 3426 neque
2002 3350 2194 3427 quoad
2221 3348 2557 3426 qualitatem
2586 3347 2700 3407 sibi

298 3430 649 3508 respondent
675 3452 861 3509 poenae
909 3438 1121 3489 nostroe
1150 3440 1209 3491 et
1238 3429 1469 3489 Christi.
1516 3429 1868 3489 Palmarium
1896 3438 1986 3489 est
2013 3436 2412 3505 argumentum
2441 3448 2556 3505 quo
2589 3428 2696 3489 So·

298 3510 464 3569 cinus
492 3512 729 3588 ejusque
758 3510 899 3570 socii
929 3518 1204 3588 perpetuo
1224 3518 1481 3570 utuntur.
1544 3510 1790 3569 Sooinus
1817 3509 1944 3567 fuse
1971 3508 2117 3568 illud
2143 3508 2522 3585 persequitur,
2551 3527 2608 3585 p.
2638 3508 2696 3583 3,

300 3609 350 3649 c.
382 3592 459 3663 33
504 3591 772 3651 Ostorod.
801 3611 859 3668 p.
890 3596 945 3666 2,
978 3612 1027 3650 c.
1062 3594 1175 3668 143
1222 3590 1455 3650 Catech.
1488 3589 1730 3649 Racovi.
1761 3589 1834 3647 de
1861 3596 2044 3647 morte
2075 3588 2306 3663 Christi,
2339 3608 2388 3646 c.
2419 3590 2476 3645 8.

378 3668 501 3728 III.
544 3670 742 3747 Resp.,
774 3670 965 3729 Multa
990 3679 1184 3730 tamen
1212 3678 1347 3730 sunt
1373 3690 1504 3747 quoe
1532 3669 1609 3727 ad
1635 3668 1748 3727 hoc
1775 3675 2178 3747 argumentum
2205 3666 2408 3744 reponi
2434 3672 2696 3742 possunt.

303 3751 355 3807 1.
402 3747 505 3807 Ad
533 3750 815 3827 Majorem
863 3770 967 3827 per
1008 3750 1428 3824 limitationem,
1462 3748 1575 3823 Qui
1622 3768 1741 3807 non
1790 3748 1966 3807 solvit
2012 3746 2168 3823 quod
2211 3747 2362 3805 alius
2388 3744 2562 3803 debet
2588 3763 2694 3805 nec

294 3829 489 3905 quoad
524 3830 893 3905 durationem,
924 3849 1031 3889 nec
1057 3830 1249 3907 quoad
1282 3830 1513 3906 pondus
1540 3836 1599 3887 et
1625 3831 1878 3887 valorem
1905 3825 2354 3903 aequipollenter,
2393 3825 2446 3882 is
2491 3842 2696 3883 revera

293 3926 399 3984 pro
426 3928 497 3967 eo
524 3928 641 3967 uon
670 3909 963 3985 satisfacit,
989 3908 1260 3983 concedo,
1291 3909 1427 3985 quia
1454 3907 1771 3967 satisfactio
1799 3906 2071 3984 supponit
2106 3904 2532 3982 perpessionem
2572 3922 2695 3979 Ρω-

294 4006 384 4045 nae
412 3986 641 4062 debitae,
678 3988 794 4047 Sed
820 3988 921 4065 qui
968 4009 1085 4046 non
1130 3988 1307 4047 solvit
1352 3988 1513 4066 quod
1553 3986 1703 4047 alius
1751 3985 1926 4046 debet
1962 3984 2154 4061 quoad
2181 3983 2558 4057 durationem,
2589 3982 2693 4041 sed

293 4066 487 4143 quoad
515 4068 769 4127 valorem
799 4077 857 4127 et
883 4066 1196 4142 znssvmu‘m
1222 4087 1341 4126 non
1368 4067 1664 4141 satisfacit,
1685 4086 1856 4143 neg0,
1886 4064 2024 4143 quia
2051 4063 2160 4121 etsi
2176 4082 2293 4121 non
2320 4062 2490 4136 idem,
2519 4061 2694 4123 modo

294 4146 635 4206 tantundem
688 4148 971 4207 habeatur
1022 4147 1251 4207 sufficit.
1333 4148 1378 4206 J
1380 4166 1473 4205 am
1512 4146 1589 4205 ad
1618 4146 1923 4204 Minorem.
2008 4141 2272 4201 Christus
2313 4142 2422 4203 etsi
2463 4151 2698 4201 mortem

292 4236 562 4285 aternam
590 4247 708 4285 uon
754 4227 994 4287 subierit
1020 4227 1213 4304 quoad
1260 4227 1630 4300 durationem,
1661 4224 1797 4301 quia
1827 4242 1945 4283 non
1991 4221 2198 4298 potuit,
2227 4220 2696 4297 quandoquidem

288 4304 379 4363 illi
420 4307 745 4366 necessario
792 4307 1212 4385 resurgendum
1254 4304 1401 4381 fuit3
1446 4313 1507 4364 at
1548 4303 1791 4363 eandem
1838 4311 2033 4362 tamen
2075 4301 2212 4359 tulit
2257 4302 2692 4377 oequipolleuter,

290 4386 429 4462 quia
456 4406 713 4445 summos
740 4396 799 4447 et
844 4387 1267 4447 intensissimos
1314 4385 1545 4444 dolores
1590 4383 1742 4458 tulit,
1773 4382 1874 4459 qui
1903 4382 2042 4440 lieet
2073 4381 2416 4457 temporales
2445 4389 2503 4440 et
2545 4380 2696 4441 finiti

290 4464 505 4526 fuerint
552 4466 772 4525 ratione
816 4466 924 4543 sui,
972 4467 1263 4526 habebant
1306 4464 1681 4524 nihilominus
1723 4462 1980 4521 valorem
2026 4469 2086 4519 et
2131 4460 2358 4537 pondus
2404 4460 2694 4519 infinitum

288 4547 513 4607 ratione
552 4566 812 4625 personae
853 4546 1142 4624 patientis.
1238 4546 1362 4605 Nec
1418 4546 1571 4603 enim
1623 4542 1817 4621 passio
1869 4540 2035 4615 ψιλοῦ
2086 4542 2348 4623 ἀνδράσι-ου,
2396 4541 2512 4601 sed
2549 4542 2698 4600 21⁸·-

292 4627 497 4707 οςάπου,
548 4648 660 4687 non
706 4628 853 4687 meri
888 4627 1140 4704 hominis,
1192 4624 1295 4687 sed
1337 4626 1462 4687 veri
1498 4623 1631 4701 Dei,
1659 4622 1761 4704 qui
1789 4642 1894 4684 suo
1921 4622 2036 4683 sibi
2062 4622 2343 4701 sanguine
2372 4620 2698 4685 Ecclesiam
