3234 5192
559 337 637 394 34
1343 349 1421 391 ns
1451 347 1814 394 uacasssnxs
1842 347 2189 392 sscnssrona
2613 325 2870 410 [msrtrr.
2902 335 2969 385 1'1.

561 491 906 550 desinebant
955 493 1275 570 Prophetae,
1323 493 1421 569 qui
1460 502 1598 552 tunc
1626 492 1902 569 temporis
1929 491 2225 564 vivebant,
2256 488 2529 547 acerrime
2568 486 2766 545 invehi
2804 493 2863 544 et
2902 485 2965 542 in

562 591 736 648 reges
764 571 910 629 etin
953 573 1246 650 populum,
1279 580 1337 630 et
1384 592 1419 629 a
1464 573 1807 649 gravissimo
1851 571 1953 628 illo
2002 570 2238 628 crimine
2284 588 2383 627 eos
2430 586 2721 627 revocare.
2834 565 2968 622 Non
3000 573 3015 586 '

563 651 801 710 deerant
827 653 998 710 efiam
1029 652 1232 711 veriet
1251 652 1378 728 puri
1405 653 1514 711 Dei
1537 654 1803 726 cultoreS,
1828 651 1927 726 qui
1946 651 2197 707 animum
2229 657 2287 707 et
2308 666 2515 726 corpus
2542 647 2617 704 ab
2644 643 2971 704 istiusmodi

563 731 1095 790 abominationibus
1138 732 1426 789 illibatum
1456 739 1770 790 servarent.
1856 731 1951 788 Sic
1980 730 2039 786 in
2068 728 2239 788 vituli
2266 729 2424 786 aurei
2465 726 2807 799 idololatria,
2851 743 2973 782 non

565 831 766 870 omnes
795 831 862 868 eo
891 813 1128 870 crimine
1158 831 1218 869 se
1247 811 1522 888 polluisse
1552 821 1769 869 certum
1800 817 1904 882 est,
1950 829 2024 867 ex
2053 829 2121 866 eo
2150 808 2305 885 quod
2336 808 2533 865 Moses
2560 806 2823 864 hortatur
2850 824 2967 878 eos,

564 900 631 950 ut
658 891 975 948 vindictam
1007 891 1118 948 Dei
1163 891 1222 947 in
1266 891 1470 948 fratres
1509 898 1886 966 exequantur,
1920 888 2108 947 Exod.
2139 888 2328 946 xxxii.
2359 892 2456 961 26,
2504 890 2540 918 “
2565 885 2839 961 Quisquis
2880 891 2973 942 est

565 971 814 1030 Jehovae
855 969 930 1025 ad
957 989 1048 1026 me
1091 970 1496 1044 aggregator.'’
1552 969 1649 1028 Sic
1696 978 1951 1045 tempore
1999 969 2295 1041 Judicum,
2347 985 2463 1043 quo
2508 964 2973 1041 corruptissimus

564 1057 689 1106 erat
718 1048 994 1105 Ecclesiae
1025 1057 1224 1120 status,
1257 1049 1547 1107 excitabat
1589 1049 1834 1106 subinde
1878 1048 2006 1124 pios
2038 1047 2316 1121 vindiceS,
2348 1047 2447 1122 qui
2490 1065 2589 1103 eos
2618 1045 2691 1102 ab
2732 1041 2974 1102 idolola-

563 1127 675 1185 tria
704 1145 809 1184 sua
835 1134 1094 1184 avertere
1123 1127 1493 1202 conabantur,
1526 1129 1629 1186 sed
1657 1129 1728 1186 iis
1748 1147 1865 1186 non
1886 1127 2303 1198 auscultabant,
2324 1127 2365 1185 J
2372 1125 2467 1184 ud.
2492 1125 2549 1182 ii.
2572 1123 2665 1198 16,
2700 1127 2792 1181 17.
2880 1121 2979 1180 Sic

567 1212 821 1281 tempore
843 1205 1089 1280 Achabi,
1116 1206 1431 1281 Hobadias,
1452 1207 1760 1284 praefectus
1782 1207 1987 1266 domus
2014 1207 2185 1283 regis,
2210 1205 2419 1263 dicitur
2447 1205 2683 1262 timuisse
2704 1203 2983 1261 dehoram

568 1287 750 1358 valde,
783 1297 842 1344 et
869 1287 1188 1345 occultasse
1231 1297 1461 1346 centum
1511 1297 1568 1346 et
1613 1288 2035 1364 quinquaginta
2081 1286 2391 1364 prophetes
2445 1284 2709 1357 Jehovae,
2766 1286 2795 1340 1
2824 1282 2973 1358 Reg.

569 1365 735 1425 xviii.
757 1368 811 1441 3,
845 1369 901 1425 4.
990 1367 1086 1426 Sic
1104 1385 1283 1443 quum
1312 1376 1568 1443 tempore
1598 1368 1840 1442 Achazi,
1872 1368 2049 1424 altare
2074 1366 2497 1423 Damascenum
2526 1373 2777 1420 erectum
2798 1369 2886 1419 est
2912 1361 2975 1417 in

571 1446 807 1522 temple,
857 1465 974 1503 non
1015 1447 1303 1505 sublatum
1333 1445 1442 1505 fuit
1472 1447 1817 1519 Mosai‘cum,
1850 1447 1953 1504 sed
1981 1455 2263 1503 remotum
2290 1453 2513 1502 tantum
2544 1441 2975 1518 aliquantisper,

572 1525 656 1582 ita
683 1534 748 1582 ut
776 1526 835 1582 in
864 1545 933 1582 eo
963 1526 1242 1583 sacrificia
1268 1545 1384 1582 non
1413 1525 1742 1584 desinerent
1764 1524 1971 1598 offerri,
1996 1529 2031 1581 2
2058 1524 2204 1600 Reg.
2234 1525 2356 1581 xvi.
2392 1526 2483 1596 14,
2520 1524 2611 1579 15.
2694 1521 2979 1597 Tempore

574 1603 915 1677 Ezechielis,
947 1605 1083 1661 dum
1113 1604 1418 1680 principeS,
1452 1605 1797 1678 sacerdoteS,
1830 1613 1888 1662 et
1915 1603 2169 1660 maxima
2195 1602 2393 1680 populi
2422 1621 2555 1678 pars
2596 1599 2982 1658 abominanda

571 1682 898 1740 idololatria
927 1703 988 1740 se
1018 1682 1502 1757 contaminabant,
1537 1684 1750 1741 Ezech.
1781 1683 1921 1756 viii„
1974 1692 2309 1758 supererant
2348 1691 2541 1740 tamen
2585 1681 2710 1738 veri
2756 1679 2976 1753 fideles,

573 1763 610 1794 “
631 1761 732 1836 qui
770 1762 1134 1837 suspirabant
1174 1763 1235 1819 in
1263 1762 1450 1837 corde,
1476 1771 1535 1821 et
1575 1763 1979 1821 exclamabant
2018 1771 2211 1838 aperte
2252 1770 2486 1838 propter
2527 1759 2983 1817 abominationes

573 1839 864 1914 Israelis,''
911 1841 1122 1898 Ezech.
1153 1841 1232 1898 ix.
1273 1845 1328 1915 4,
1371 1861 1516 1918 quos
1559 1842 1709 1916 ideo,
1752 1850 1819 1901 ut
1859 1863 1897 1900 a
1929 1841 2169 1917 judicie,
2214 1841 2370 1917 quod
2398 1841 2458 1897 in
2486 1839 2631 1898 alios
2671 1838 2981 1896 immittere

571 1919 922 1994 decreverat,
952 1930 1253 1994 tutaretur,
1299 1931 1436 1980 nota
1463 1922 1659 1998 aliqua
1684 1923 1746 1979 in
1787 1922 1973 1980 fronte
1996 1921 2211 1997 signari
2245 1921 2433 1995 jubet.
2522 1919 2637 1976 Sed
2658 1919 2781 1994 jam
2810 1917 2981 1993 plane

571 1998 684 2056 alia
712 2008 800 2059 est
827 2000 973 2058 ratio
1001 2001 1108 2059 sub
1140 2001 1211 2059 N.
1235 2000 1303 2057 T.
1336 2001 1482 2058 Nam
1515 2001 1676 2060 Deus
1716 2002 1818 2061 uni
1858 2002 1985 2060 loco
2013 2021 2129 2059 non
2158 2001 2405 2076 amplius
2448 1998 2632 2056 affixit
2660 1997 2983 2056 Ecclesiam

571 2097 750 2152 suam,
783 2079 887 2136 sed
913 2081 976 2136 in
1004 2099 1201 2138 omnes
1242 2092 1446 2156 gentes
1486 2081 1766 2155 extendit,
1810 2083 1893 2140 ita
1932 2089 1997 2140 ut
2022 2081 2217 2139 ubivis
2244 2080 2357 2136 coli
2382 2079 2566 2155 possit
2593 2079 2653 2134 in
2696 2077 2897 2153 spiritu
2926 2084 2988 2135 et

569 2158 829 2231 veritate,
863 2159 920 2216 in
950 2159 1106 2216 omni
1133 2159 1260 2218 loco
1288 2160 1514 2219 suffitus
1555 2170 1612 2219 et
1655 2161 1887 2237 oblatiO,
1931 2161 1993 2218 id
2034 2169 2138 2235 est,
2169 2161 2347 2230 λογικὺ
2388 2158 2595 2238 λιτςιίι
2622 2164 2679 2215 et
2706 2156 2987 2215 sacrificia

567 2237 888 2314 spiritualia
922 2258 1158 2315 precum
1199 2247 1258 2297 et
1295 2239 1532 2298 laudum
1575 2239 1765 2299 offerri
1804 2248 2048 2317 possunt
2086 2240 2306 2296 nomini
2345 2240 2488 2316 ejus,
2536 2248 2601 2296 ut
2639 2237 2989 2312 praedixerat

573 2317 714 2375 Mal.
745 2318 782 2375 i.
814 2319 1021 2394 Itaque
1047 2319 1294 2376 liberum
1321 2328 1411 2378 est
1449 2329 1509 2378 et
1536 2320 1826 2397 integrum
1854 2319 2122 2377 fidelibus
2172 2318 2538 2376 secedere.ab
2569 2317 2832 2375 Ecclesia
2860 2316 2981 2373 ido-

569 2396 847 2472 lolatrica,
891 2417 1008 2455 non
1051 2406 1274 2456 tantum
1316 2400 1604 2475 negative,
1652 2398 1755 2458 sed
1799 2400 1986 2463 >etiam
2028 2398 2295 2476 positive,
2352 2399 2603 2455 maxime
2646 2416 2777 2454 cum
2822 2396 2983 2454 Deus

571 2475 853 2534 vexillum
884 2477 1193 2553 Evangelii
1235 2479 1437 2552 erexit,
1469 2487 1526 2536 et
1567 2479 1645 2536 ad
1670 2479 1994 2537 libertatem
2022 2478 2287 2550 vocavit3
2332 2477 2620 2554 quomodo
2660 2476 2851 2552 potior
2876 2475 2987 2534 fuit

573 2554 827 2613 conditio
853 2565 1051 2614 nostra
1071 2576 1190 2633 prae
1217 2557 1346 2614 aliis
1385 2557 1673 2632 fidelibus,
1705 2558 1803 2634 qui
1833 2567 1965 2616 ante
1993 2557 2453 2616 reformationem
2482 2557 2543 2614 in
2572 2555 2796 2632 Papatu
2824 2554 2985 2612 vive·

569 2633 727 2709 bant,
759 2644 825 2694 ut
853 2655 958 2694 suo
985 2635 1113 2694 loco
1140 2636 1367 2713 plenius
1387 2635 1629 2696 dicetur.
1715 2637 1939 2695 Deinde
1981 2658 2097 2695 non
2124 2646 2344 2696 tantum
2367 2637 2613 2695 liberum
2641 2635 2766 2707 fuit,
2798 2633 2900 2692 sed
2930 2643 2989 2692 et

571 2715 974 2789 necessarium,
1019 2716 1156 2791 quia
1201 2735 1319 2774 non
1361 2715 1699 2792 simpliciter
1742 2717 2071 2793 superstitio
2112 2727 2171 2774 et
2212 2716 2538 2774 idololatria
2578 2715 2883 2790 multiplex
2923 2712 2986 2771 in

575 2793 897 2854 Ecclesiam
927 2795 1157 2854 invecta
1185 2805 1274 2854 est
1301 2805 1365 2854 ut
1394 2796 1549 2868 olim,
1582 2795 1686 2854 sed
1714 2796 1774 2853 in
1802 2797 1990 2872 legem
2012 2797 2135 2872 jam
2164 2797 2399 2868 abierat,
2432 2805 2490 2853 et
2518 2795 2625 2853 sub
2656 2793 2987 2852 servissima

571 2875 952 2934 anathematis
973 2895 1145 2954 poena
1172 2875 1357 2934 fuerat
1379 2875 1614 2950 sancita,
1640 2875 1795 2952 quod
1823 2875 2037 2934 factum
2067 2875 2345 2952 imprimis
2368 2874 2475 2932 fuit
2501 2874 2559 2931 in
2590 2873 2989 2932 Conciliabulo

572 2955 929 3016 Tridentino,
1017 2955 1188 3015 Unde
1217 2975 1334 3014 non
1361 2955 1549 3033 potuit
1589 2954 1839 3033 amplius
1881 2955 2128 3015 secessio
2156 2955 2429 3032 negativa
2459 2953 2731 3026 sufficere,
2758 2952 2857 3011 sed
2886 2971 2985 3010 ne·

571 3037 836 3106 cessario,
861 3036 960 3094 vel
987 3038 1234 3095 secessio
1263 3037 1514 3112 positiva
1540 3036 1803 3094 facienda
1830 3035 1954 3110 fuit,
1978 3044 2044 3094 ut
2072 3035 2243 3093 saluti
2264 3033 2519 3092 fidelium
2548 3033 2985 3109 prospiceretur,

571 3113 668 3170 vel
695 3115 1154 3188 participandum
1183 3116 1540 3190 idololatriae,
1573 3115 1730 3191 quod
1756 3116 1867 3192 piae
1894 3124 2116 3172 mentes
2145 3114 2349 3172 merit-o
2370 3113 2696 3171 horrebant.

652 3191 800 3246 VII.
849 3193 947 3249 Sic
975 3190 1050 3247 ad
1077 3193 1356 3251 rationem
1385 3195 1627 3268 primam
1676 3203 1834 3268 patet
1875 3195 2190 3269 responsio·
2278 3191 2543 3250 Secunda
2570 3190 2725 3246 facili
2753 3184 2990 3264 negotio

571 3269 786 3344 pariter
814 3268 1075 3326 solvitur.
1161 3271 1310 3326 Nam
1351 3271 1487 3328 licet
1517 3270 1679 3327 Elias
1719 3289 1835 3328 non
1877 3272 2177 3328 recesserit
2218 3269 2465 3344 positive
2502 3267 2577 3324 ab
2607 3265 2869 3322 Ecclesia
2899 3269 2991 3327 Is·

575 3345 852 3420 ra’elitica,
883 3365 1000 3402 non
1050 3349 1326 3421 sequitur,
1357 3366 1544 3422 neque
1585 3366 1693 3405 nos
1734 3347 1807 3404 ab
1852 3347 2115 3404 Ecclesia
2156 3346 2360 3422 Papali
2387 3345 2652 3402 recedere
2698 3344 2989 3406 debuisse.

575 3423 856 3483 Rationes
883 3423 1235 3500 disparitatis
1255 3427 1379 3503 jam
1407 3424 1691 3499 dedimus,
1712 3426 1923 3501 quibus
1950 3434 2010 3483 et
2034 3426 2184 3483 hane
2212 3423 2493 3496 addimus,
2526 3424 2683 3499 quod
2708 3423 2869 3484 Elias
2890 3447 2988 3503 pe-

573 3502 776 3561 culiari
820 3504 1122 3562 vocatione
1171 3505 1244 3562 ad
1291 3505 1569 3582 populum
1596 3504 1779 3578 illum,
1808 3513 1877 3563 ut
1916 3505 2197 3582 propheta
2235 3503 2364 3577 Dei,
2408 3505 2619 3562 missus
2668 3513 2835 3576 esset,
2888 3507 2990 3582 qui

571 3583 866 3642 resisteret
892 3583 1069 3659 impio
1117 3585 1244 3660 regi
1289 3584 1552 3658 Achab0,
1611 3584 1941 3644 sacerdotes
1982 3595 2041 3643 et
2095 3585 2271 3644 salsos
2316 3585 2625 3662 prophetas
2674 3585 2988 3644 Baaliticos

569 3662 872 3736 occideret,
903 3672 962 3722 et
989 3664 1264 3740 populum
1291 3663 1633 3723 idololatrias
1674 3666 2003 3724 convictum
2031 3665 2107 3723 ad
2132 3666 2257 3724 veri
2287 3665 2395 3723 Dei
2426 3665 2643 3724 cultum
2671 3665 2989 3723 reduceret.

577 3743 694 3802 Sed
715 3742 845 3819 quis
867 3743 1081 3801 dixerit
1097 3743 1298 3803 fideles
1319 3744 1424 3802 tali
1443 3764 1679 3803 munere
1702 3745 2013 3804 instructos
2042 3745 2236 3819 fuisse,
2268 3755 2326 3804 et
2355 3745 2581 3803 silentio
2612 3743 2833 3803 exitiali
2862 3763 2987 3818 pre-

569 3823 838 3882 mendam
865 3824 1166 3882 veritatem
1195 3825 1504 3901 cognitam,
1536 3833 1594 3883 et
1624 3825 1913 3884 Christum
1956 3825 2377 3902 abnegandum,
2407 3825 2501 3882 vel
2532 3825 2580 3882 si
2622 3823 2755 3900 quis
2780 3823 2989 3881 mutire

572 3923 748 3962 ausus
789 3903 993 3962 fuisset
1033 3902 1108 3960 ad
1135 3924 1354 3962 errores
1395 3912 1454 3962 et
1493 3903 1873 3963 idolomanias
1914 3905 2257 3982 arguendas,
2288 3913 2515 3982 paratas
2564 3903 2739 3961 fuisse
2767 3902 2829 3959 in
2856 3921 2989 3961 eum

573 4004 789 4059 cruces,
835 3984 1026 4058 exilia,
1071 3983 1300 4059 sermm,
1331 3992 1391 4042 et
1430 3983 1731 4059 flammas,·
1753 3995 1812 4044 et
1839 3985 2024 4043 omnis
2053 3986 2281 4060 generis
2302 3991 2603 4056 tormenta,
2632 3993 2701 4042 ut
2726 3983 2990 4040 innume-

571 4085 766 4124 rorum
807 4073 1122 4140 martyrum
1171 4064 1454 4140 exemplis
1503 4073 1677 4141 patet.
1762 4065 1907 4122 Cum
1959 4065 2028 4122 E.
2058 4065 2273 4122 malum
2322 4071 2559 4121 eatenus
2595 4062 2809 4120 factum
2838 4069 2991 4120 esset

573 4144 1014 4218 immedicabile,
1043 4152 1108 4203 ut
1135 4163 1251 4201 non
1281 4143 1467 4201 solum
1496 4163 1701 4202 vocem
1748 4144 2051 4202 monitoris
2098 4144 2297 4201 audire
2340 4143 2522 4210 nollet
2552 4142 2755 4213 Roma,
2800 4140 2903 4198 sed
2932 4149 2992 4200 et

573 4223 636 4282 in
677 4225 992 4284 monitores
1031 4224 1188 4301 ipsos
1217 4224 1541 4282 immaniter
1583 4223 1829 4296 saeviret,
1861 4222 2003 4299 quid
2051 4222 2375 4282 faciendum
2416 4222 2541 4294 fuit,
2572 4221 2686 4279 nisi
2712 4229 2777 4278 ut
2804 4219 2991 4296 fugati

577 4301 718 4360 diris
753 4304 1246 4378 persecutionibus
1275 4304 1347 4362 ab
1397 4323 1467 4361 ea
1513 4302 1925 4374 recederemus,
1978 4312 2037 4361 et
2076 4302 2307 4378 quando
2354 4302 2542 4360 sanari
2583 4299 2785 4372 noluit,
2817 4300 2991 4359 saluti

576 4388 788 4437 nostrae
835 4385 1178 4458 tempestiva
1225 4391 1283 4442 et
1325 4382 1651 4458 justissima
1693 4382 2015 4440 secessione
2070 4382 2516 4440 consuleremus
2622 4381 2829 4455 Itaque
2874 4397 2991 4437 non

575 4478 858 4533 negamus
903 4460 1223 4521 Ecclesiam
1273 4461 1659 4520 Israeliticum
1724 4469 1856 4536 post
1901 4461 2103 4520 decem
2146 4461 2399 4521 tribuum
2448 4459 2824 4518 defectionem
2882 4458 2991 4518 sub

573 4537 924 4599 Jeroboamo
954 4541 1440 4617 corruptissimam
1481 4542 1659 4600 fuisse
1687 4551 1745 4600 et
1770 4542 2161 4617 apostaticam,
2193 4548 2252 4599 et
2278 4559 2475 4598 veram
2506 4537 2825 4596 Ecclesiam
2854 4547 2992 4598 tunc

575 4617 850 4697 temporis
876 4617 938 4677 in
963 4636 1144 4695 regno
1171 4619 1214 4680 J
1217 4619 1348 4704 udas
1375 4621 1746 4698 superstitem
1772 4620 1967 4697 fuisse,
1996 4621 2099 4681 ubi
2119 4621 2277 4680 Arca
2300 4627 2425 4680 erat
2452 4627 2511 4679 et
2538 4619 2861 4695 Templum,
2890 4615 2995 4680 ubi
