3234 5192
318 371 529 411 msPuT.
558 349 696 432 xm]
860 369 939 408 m:
969 365 1453 410 sATrsFACTloms
1480 365 1720 406 cums'n
1747 364 2162 408 NECESSITATE.
2587 353 2704 414 429

314 531 434 590 quae
460 532 492 570 a
518 509 639 570 suis
666 509 983 588 majoribus
997 509 1121 587 jam
1138 509 1315 586 longo
1337 515 1471 567 ante
1488 513 1746 584 tempore
1769 513 2096 584 perpetrata
2115 507 2343 566 fuerant
2373 509 2410 542 “
2431 517 2497 569 ut
2527 511 2723 571 veniat

316 612 475 669 super
501 611 605 651 vos
634 591 821 649 omnis
864 591 1102 666 sanguis
1137 589 1333 666 justus
1376 586 1593 646 effusus
1639 605 1812 663 super
1859 595 2070 645 terram
2113 607 2150 645 a
2197 589 2480 666 sanguine
2509 591 2723 652 Abelis

309 671 445 750 justi
470 691 653 748 usque
682 670 757 728 ad
784 671 1127 746 sanguinem
1158 667 1452 726 Zachariae
1473 666 1579 724 filii
1598 664 1960 726 Barachioe.'’
2026 667 2122 724 Ex
2149 667 2361 745 quibus
2389 669 2574 747 liquet
2601 691 2720 730 non

315 753 641 812 inusitatum
669 769 796 809 esse
824 751 921 808 vel
940 749 1223 827 injustum
1245 747 1583 825 simpliciter
1601 755 1670 805 ut
1689 747 1821 823 quis
1838 745 1913 805 ob
1931 746 2122 805 aliena
2139 757 2378 825 peccata
2398 749 2685 827 plectatur
2702 773 2718 828 ;

314 831 428 893 Nee
448 833 621 910 juvat
648 851 753 889 sua
788 830 1122 889 haereticum
1165 827 1431 906 exceptio
1473 847 1590 884 non
1635 827 1873 904 reperiri
1917 827 2140 904 uspiam
2169 830 2498 906 exemplum
2526 839 2592 890 ut
2619 831 2722 908 qui

312 912 471 990 plane
502 919 637 970 sunt
664 911 1001 969 innocentes
1044 909 1119 968 ob
1166 916 1477 967 nocentum
1524 915 1764 984 peccata
1809 907 2158 984 puniantur3
2203 907 2354 967 Nam
2381 929 2512 968 cum
2542 911 2724 988 aliqui

312 993 493 1070 puniri
520 992 791 1050 dicuntur
832 1009 949 1048 non
978 989 1053 1048 ob
1082 1009 1189 1048 sua
1212 997 1439 1047 tantum
1466 1005 1712 1063 quorum
1741 987 1963 1046 ratione
2003 1007 2207 1046 revera
2245 998 2522 1050 nocentes
2559 1000 2723 1051 erant

312 1079 556 1150 peccata,
590 1071 693 1130 sed
720 1078 780 1129 et
806 1070 1043 1147 insuper
1068 1069 1143 1128 ob
1172 1068 1377 1144 aliena,
1409 1067 1644 1126 omnino
1685 1065 1819 1126 inde
1863 1068 2122 1144 sequitur
2161 1087 2262 1126 eos
2289 1069 2462 1128 etiam
2489 1073 2724 1148 punitos

312 1151 483 1210 fuisse
512 1151 620 1210 sub
650 1149 751 1208 illa
779 1149 941 1226 exim
970 1168 1086 1226 qua
1112 1165 1229 1206 non
1258 1155 1421 1206 erant
1448 1148 1509 1204 in
1537 1167 1599 1205 se
1629 1157 1920 1224 nocentes,
1953 1165 2056 1206 seu
2103 1157 2390 1226 quatenus
2436 1149 2722 1211 immunes

313 1241 469 1290 erant
498 1233 571 1288 ab
600 1230 701 1288 illo
730 1231 986 1288 crimine.

394 1310 747 1368 XXXVII.
792 1310 1012 1368 Verum
1039 1308 1473 1367 sub-stitutionem
1510 1307 1662 1364 hanc
1703 1306 1776 1364 de
1804 1325 1920 1384 qua
1966 1305 2256 1384 loquimur
2299 1307 2504 1368 fortius
2532 1309 2722 1370 adhuc

316 1391 527 1450 evincit
554 1397 679 1448 tum
707 1388 973 1466 publicus
1002 1387 1157 1466 apud
1184 1405 1385 1446 omnes
1427 1386 1672 1465 populos
1700 1385 2110 1445 sacrificiorum
2136 1406 2295 1462 usus,
2333 1397 2454 1446 tum
2483 1409 2721 1466 praeser-
2825 1425 2845 1442 2

316 1471 415 1529 tim
446 1479 603 1529 totus
632 1469 821 1528 cultus
853 1469 1151 1527 Leviticus
1178 1468 1241 1526 in
1268 1486 1382 1544 quo
1405 1467 1726 1544 peccatoris
1753 1467 1944 1525 locum
1994 1466 2186 1525 subire
2231 1467 2458 1528 solebat
2485 1469 2724 1529 victima

314 1551 527 1610 luitura
552 1568 782 1627 poenam
810 1549 1013 1608 mortis
1058 1548 1172 1626 ipsi
1219 1547 1490 1620 debitam,
1542 1556 1718 1624 atque
1747 1547 1861 1606 huc
1905 1545 2153 1624 pertinet
2196 1548 2471 1607 solemnis
2515 1550 2660 1610 ritus
2687 1569 2726 1609 a

312 1630 886 1710 peccatore·usitatus
914 1647 1121 1687 manus
1162 1627 1497 1706 imponendi
1546 1627 1722 1704 capiti
1749 1627 2073 1686 holocausti
2113 1627 2206 1685 sui
2244 1636 2311 1687 ut
2337 1638 2494 1688 esset
2519 1649 2722 1708 accep·

312 1721 435 1770 tum
463 1731 567 1788 pro
594 1709 723 1787 ipso
750 1710 824 1768 ad
853 1709 1208 1786 expiandum
1252 1709 1461 1786 ipsum,
1496 1707 1686 1766 Levit.
1717 1706 1754 1766 i.
1787 1711 1842 1784 3,
1873 1711 1930 1782 4,
1981 1706 2141 1784 quod
2183 1707 2466 1786 imprimis
2494 1711 2723 1788 conspi-

313 1793 571 1851 ciebatur
596 1791 657 1848 in
679 1790 827 1850 festo
856 1789 1296 1868 propitiationis,
1328 1789 1387 1847 in
1416 1807 1533 1864 quo
1563 1805 1824 1847 summus
1869 1787 2139 1846 sacerdos
2169 1789 2206 1820 ‘⁴
2223 1789 2416 1848 nitens
2443 1791 2724 1850 ambabus

312 1872 578 1930 manibus
600 1870 720 1929 suis
748 1889 921 1947 super
968 1877 1141 1947 caput
1184 1869 1329 1927 hirci
1377 1867 1636 1926 Hazazel
1663 1868 2044 1927 confitebatur
2085 1887 2258 1946 super
2305 1870 2495 1964 ipsum
2524 1889 2724 1930 omnes

312 1951 651 2028 iniquitates
694 1949 944 2008 filiorum
976 1949 1213 2008 Israe'lis
1240 1955 1299 2007 et
1326 1957 1634 2026 postquam
1661 1949 2015 2026 imposuerat
2041 1949 2144 2006 illa
2173 1950 2348 2028 capiti
2363 1951 2532 2010 istius
2559 1951 2722 2026 hirci,

314 2031 613 2091 emittebat
640 2049 773 2089 eum
800 2048 903 2107 per
930 2030 1221 2087 hominem
1250 2027 1613 2086 commodum
1653 2026 1716 2086 in
1759 2028 2069 2102 desertum,
2121 2035 2178 2085 et
2218 2031 2486 2106 portabat
2527 2031 2724 2089 hircus

313 2111 411 2170 ille
442 2130 641 2168 omnes
668 2109 1003 2186 iniquitates
1048 2125 1245 2165 eorum
1274 2108 1334 2164 in
1380 2107 1678 2183 regionem
1727 2105 2222 2182 inhabitabilem,’'
2275 2109 2418 2168 Lev.
2470 2111 2592 2169 xvi.
2623 2111 2721 2185 21,

312 2195 410 2266 22,
440 2209 717 2265 quorsum
744 2209 885 2248 vero
913 2187 1015 2245 illa
1040 2205 1314 2244 manuum
1360 2186 1670 2263 impositi0,
1715 2195 1774 2245 et
1799 2195 2166 2264 peccatorum
2207 2187 2492 2247 confessio
2519 2187 2632 2246 nisi
2657 2199 2726 2248 ut

312 2275 662 2329 testarentur
689 2287 751 2326 se
772 2268 1039 2327 victimas
1064 2267 1197 2325 illas
1224 2267 1353 2325 loco
1382 2286 1487 2325 suo
1516 2266 1882 2341 substituere,
1914 2285 2046 2344 quae
2073 2283 2300 2342 poenam
2329 2267 2442 2326 sibi
2469 2268 2726 2328 debitam

312 2348 545 2423 luend0,
576 2349 734 2424 ipsos
762 2348 835 2406 ab
863 2349 1065 2407 eadem
1092 2347 1404 2406 liberarent
1422 2349 1452 2405 Ρ
1492 2347 1650 2424 quod
1677 2367 1785 2406 nec
1828 2346 2000 2406 latuit
2043 2345 2336 2406 ethnicum
2363 2356 2554 2407 vatem
2585 2349 2727 2408 dum

312 2430 462 2489 salse
486 2427 691 2567 {jrridet
718 2429 981 2488 homines
1026 2447 1163 2488 suos
1190 2429 1292 2506 qui
1318 2427 1425 2486 vili
1472 2427 1788 2488 bestiarum
1831 2427 2114 2506 sanguine
2163 2445 2300 2488 suas
2327 2429 2548 2488 animas
2574 2429 2724 2508 piari

314 2511 483 2570 crede
526 2515 643 2586 ant,

768 2591 911 2652 Cum
938 2590 1013 2648 sis
1039 2590 1159 2667 ipse
1184 2609 1401 2666 nocens,
1428 2587 1672 2648 moritur
1697 2609 1802 2648 cur
1827 2585 2052 2648 victima
2071 2609 2188 2665 pro
2216 2591 2314 2648 te?

398 2749 789 2808 XXXVIII.
838 2749 954 2808 Sed
982 2769 1089 2808 nec
1138 2749 1476 2810 inusitatum
1520 2749 1674 2806 inter
1710 2755 1914 2824 gentes
1959 2767 2178 2805 morem
2219 2745 2376 2806 hunc
2403 2747 2582 2808 fuisse
2609 2768 2728 2808 non

314 2849 431 2888 uno
460 2829 852 2888 demonstrare
880 2829 1017 2887 licet
1044 2830 1345 2906 exemplo;
1392 2829 1543 2886 Nam
1579 2834 1647 2885 ut
1689 2825 1987 2884 mittamus
2033 2826 2263 2899 Decios,
2317 2827 2552 2902 Cedros,
2586 2829 2726 2886 Cur-

316 2909 431 2966 tios
458 2918 517 2966 et
545 2909 689 2966 alios
722 2909 1003 2966 Ethnieos
1030 2927 1093 2966 se
1119 2927 1226 2984 pro
1255 2925 1489 2966 suorum
1528 2906 1712 2964 salute
1743 2903 2138 2979 devoventes3
2183 2911 2250 2962 ut
2285 2906 2432 2962 nihil
2469 2906 2730 2966 dicamus

316 2987 389 3046 de
420 2988 669 3045 Zaleuco
699 2987 1059 3064 Legislatore
1090 2986 1366 3044 Locrensi
1405 2986 1505 3061 qui
1531 3003 1637 3060 pro
1687 2982 1868 3040 altera
1909 2991 2071 3060 parte
2113 3001 2300 3060 poenae
2325 2983 2448 3041 filio
2495 3003 2602 3043 suo
2629 2985 2727 3046 de-

314 3066 451 3124 bitae
479 3066 631 3125 ultro
676 3067 853 3142 venit,
902 3073 1077 3142 atque
1100 3065 1181 3124 ita
1228 3067 1263 3098 ‘⁴
1286 3065 1576 3140 aequitatis
1612 3059 1941 3120 admirabili
1983 3071 2438 3140 temperamento
2487 3083 2548 3122 se
2578 3064 2729 3125 inter

316 3143 744 3204 misericordem
791 3146 1052 3222 patrem”
1104 3152 1164 3203 et
1212 3144 1487 3221 “justum
1519 3141 1939 3218 Legislatorem
1983 3143 2231 3220 partitus
2277 3143 2426 3218 est,'’
2471 3151 2538 3203 ut
2585 3147 2729 3205 scite

318 3226 515 3286 Valer.
548 3227 709 3284 Max.
753 3225 853 3284 lib.
884 3225 962 3282 vi.
1008 3243 1133 3301 cap.
1165 3225 1240 3299 53
1291 3231 1357 3281 ut
1400 3231 1694 3281 taceamus
1741 3221 1916 3280 etiam
1945 3223 2088 3282 satis
2125 3231 2321 3282 notam
2361 3224 2642 3284 Damonis
2669 3234 2728 3286 et

316 3307 543 3385 Pythian
572 3305 881 3366 illustrium
911 3304 1222 3362 amicorum
1270 3303 1567 3362 historiam
1614 3319 1858 3378 quorum
1906 3303 2053 3362 alter
2100 3323 2162 3362 se
2191 3304 2339 3362 stitit
2385 3304 2594 3365 vadem
2621 3327 2727 3384 pro

314 3389 497 3447 altero
523 3389 585 3445 in
613 3405 787 3446 causa
814 3384 1048 3462 capitali
1092 3394 1160 3443 ut
1204 3384 1381 3443 habet
1409 3383 1590 3442 Cicer.
1635 3379 1798 3442 Offic.
1829 3385 1865 3441 3
1891 3405 1905 3458 3
1951 3383 2184 3443 Certum
2222 3391 2312 3444 est
2332 3386 2433 3463 jus
2461 3386 2728 3446 occiden-

318 3469 521 3528 dorum
551 3466 815 3525 obsidum
845 3465 1275 3524 humanissimis
1303 3463 1477 3523 etiam
1506 3463 1736 3541 populis
1767 3463 2040 3522 usitatum
2069 3465 2263 3540 fuisse,
2295 3485 2426 3524 cum
2455 3466 2726 3527 nimirum

315 3568 513 3608 eorum
542 3545 887 3624 principales
916 3565 951 3602 a
976 3545 1273 3622 promissis
1310 3543 1672 3618 deficiebant,
1716 3563 1850 3601 nam
1879 3550 1946 3602 ut
1993 3553 2277 3604 testantur
2305 3547 2536 3605 Politici
2565 3548 2727 3607 venit

320 3629 491 3687 obses
520 3627 579 3682 in
606 3625 925 3702 periculum
954 3634 1019 3684 ut
1048 3625 1097 3684 si
1123 3643 1240 3684 non
1268 3632 1530 3684 servetur
1576 3623 1739 3699 fides,
1771 3625 1944 3683 etiam
1973 3623 2162 3684 occidi
2189 3625 2398 3700 valeat,
2429 3627 2514 3685 sic
2541 3627 2722 3686 Thes-

317 3707 425 3765 sali
447 3706 585 3764 olim
606 3705 885 3764 ducentos
907 3705 1329 3783 quinquaginta
1351 3704 1583 3764 obsides
1610 3704 2038 3780 interfecerunt,
2069 3705 2350 3765 referente
2371 3703 2682 3765 Plutarcho
2705 3729 2721 3783 ;

318 3784 567 3845 Romani
596 3793 883 3845 trecentos
910 3786 1159 3846 Volscos
1187 3785 1370 3845 securi
1409 3792 1832 3863 percusserunt,
1871 3792 1938 3844 ut
1965 3784 2191 3844 notavit
2232 3786 2490 3844 Halicar.
2513 3785 2614 3844 lib.
2645 3786 2724 3845 vi.

319 3873 378 3925 et
405 3866 827 3943 quamplurima
853 3865 1021 3925 istius
1050 3867 1277 3943 generis
1304 3874 1509 3924 extant
1536 3865 1838 3943 exemplaz
1867 3874 2068 3924 notum
2091 3865 2266 3925 etiam
2292 3866 2354 3923 in
2381 3865 2725 3960 capitalibus

320 3945 618 4023 suppliciis
647 3943 825 4005 vades
868 3947 1043 4023 plecti
1092 3947 1347 4024 potuisse
1396 3953 1456 4005 et
1503 3945 1680 4023 plecti
1715 3963 2127 4022 nonnunquam
2178 3944 2380 4004 solitos
2419 3965 2468 4003 ει
2517 3965 2578 4004 se
2607 3965 2726 4005 non

320 4027 592 4085 sisterent
618 4027 717 4100 rei,
748 4025 903 4085 unde
943 4025 1216 4103 ἇντίψνχοι
1244 4026 1385 4085 dicti
1414 4034 1585 4101 sunt;
1634 4025 1712 4084 Et
1739 4025 1790 4084 si
1831 4025 2064 4084 aliunde
2090 4025 2324 4104 probari
2349 4043 2466 4082 non
2507 4033 2722 4102 posset,

318 4107 445 4184 ipsa
472 4115 665 4164 tamen
698 4105 864 4165 Pauli
892 4107 1211 4166 authoritas
1249 4107 1390 4165 satis
1416 4105 1479 4164 id
1506 4107 1800 4165 evinceret
1826 4105 1926 4182 qui
1959 4107 1994 4138 “
2016 4124 2120 4182 pro
2147 4105 2300 4163 bono
2331 4103 2456 4163 viro
2485 4105 2728 4165 forsitan

314 4187 567 4264 aliquem
584 4187 757 4246 etiam
776 4187 921 4245 mori
943 4207 1110 4266 posse
1132 4187 1396 4262 asserit,'’
1423 4185 1591 4245 Rom.
1614 4205 1673 4242 v.
1705 4189 1762 4244 7.
1847 4185 2118 4258 Quinimo
2145 4185 2420 4261 populum
2441 4203 2476 4243 a
2505 4185 2632 4244 Deo
2651 4186 2726 4245 ob

316 4267 471 4342 regis
500 4266 713 4326 delicta
740 4267 931 4344 puniri
951 4277 1182 4344 recepta
1208 4265 1319 4325 fuit
1346 4265 1632 4324 sententia
1661 4263 1910 4324 Hesiodi
1925 4273 2200 4342 tempore,
2225 4265 2360 4324 hinc
2381 4265 2534 4344 apud
2563 4265 2727 4326 illum

314 4349 441 4411 Δίκη
468 4347 511 4408 J
514 4347 643 4407 ovis
670 4347 791 4406 filia
817 4357 1037 4424 patrem
1066 4345 1410 4422 interpellat,

1600 4427 1690 4500 3φρ
1725 4422 1940 4487 ‘’sa-nien·

805 4551 969 4624 Δῖμος
999 4543 1313 4610 σίτοιο-θαλίαις
1353 4539 1613 4618 βασιλίσιν,
1660 4539 1767 4604 810.

322 4667 477 4727 unde
506 4668 811 4746 vulgatum
840 4665 985 4726 illud
1014 4665 1167 4743 apud
1196 4663 1461 4738 eundem,
