3234 5192
668 314 787 375 662
1260 330 1340 371 ns
1370 326 1864 373 sAr1sncr1oms
1891 328 2134 371 cnatsn
2163 324 2480 370 veni-rus.
2667 308 2966 391 [Distu-r.
2997 330 3114 373 m.

670 474 766 535 cui
792 473 1036 533 debetur
1062 474 1174 533 sibi
1204 474 1471 534 satisfieri
1499 494 1616 533 non
1633 472 1918 548 voluerit3
1947 492 2084 531 nam
2104 480 2171 532 ut
2189 470 2432 551 primam
2461 468 2878 531 conditionem
2903 474 3102 534 admit·

668 554 860 630 timus,
896 554 979 613 ita
1007 554 1319 614 secundam
1346 574 1646 632 negamuS,
1689 574 1798 613 nec
1823 554 1975 613 enim
2005 553 2196 612 minus
2236 551 2454 611 remitti
2479 550 2694 609 dicitur
2741 553 2986 613 crimen
3013 576 3102 614 reo

666 656 702 695 a
730 654 845 713 quo
872 634 1019 693 nihil
1046 636 1319 713 exigitur,
1361 636 1499 694 licet
1525 634 1570 695 J
1572 634 1730 695 udex
1765 633 1998 693 aliunde
2037 633 2149 693 sibi
2187 632 2452 691 satisfieri
2487 632 2770 708 postulet,
2819 644 2900 693 nt
2937 646 3098 694 antea

666 716 975 794 probatum
1003 722 1127 791 est;
1174 716 1253 774 Et
1281 717 1404 793 ipse
1437 716 1683 775 Socinus
1711 734 1828 773 non
1855 714 2131 773 diffitetur
2159 713 2349 771 Deum
2379 711 2613 789 exigere
2651 713 2902 791 aliquid
2929 716 3008 774 ab
3035 718 3094 775 iis

669 796 882 873 quibus
909 804 1147 873 peccata
1178 797 1421 856 remittit
1464 794 1625 874 quod
1668 794 2076 854 satisfactionis
2118 794 2248 852 loco
2289 792 2490 851 haberi
2531 802 2727 869 queat,
2779 795 2938 854 nim.
2967 798 3094 856 vitae

664 878 992 955 puritatem,
1028 894 1159 953 quse
1188 896 1364 935 eausa
1390 876 1658 953 quaedam
1685 884 1774 935 est
1799 882 1867 935 ut
1895 875 2056 934 Deus
2083 874 2202 933 illis
2229 874 2540 932 clementer
2565 890 2634 930 ac
2661 874 2944 952 benigne
2973 898 3092 955 pec·

667 966 797 1016 cata
825 955 1128 1016 condonet.
1207 955 1377 1031 Quod
1406 957 1455 1015 si
1484 976 1615 1015 cum
1641 964 1849 1016 natura
1877 962 1936 1015 et
1963 955 2205 1015 veritate
2234 951 2589 1012 remissionis
2614 972 2742 1011 non
2769 971 3016 1033 pugnat
3039 968 3092 1015 ut

668 1037 831 1097 Deus
860 1036 1055 1115 aliqua
1080 1036 1335 1115 requirat
1362 1058 1492 1117 quae
1532 1036 1717 1096 instar
1757 1056 1946 1096 causae
1989 1036 2106 1095 sint
2145 1054 2247 1093 eur
2287 1040 2525 1111 peccata
2563 1033 2926 1096 hominibus
2969 1060 3092 1097 con·

669 1117 864 1194 donat,
907 1118 1025 1176 imo
1053 1126 1113 1176 et
1140 1116 1399 1193 fortasse,
1439 1125 1507 1177 ut
1530 1117 1656 1195 ipse
1683 1116 1958 1194 loquitur,
1989 1113 2398 1175 satisfactionis
2423 1114 2554 1171 loco
2579 1113 2793 1173 haberi
2823 1119 3090 1194 possint:

670 1197 975 1273 Quomodo
1002 1218 1131 1257 cum
1162 1198 1263 1257 illa
1288 1218 1407 1257 non
1435 1198 1731 1273 consistet,
1774 1197 1932 1276 quod
1963 1196 2124 1254 Deus
2152 1193 2562 1254 satisfactionis
2587 1192 2722 1253 loeo
2753 1198 2965 1275 exigit
2992 1220 3092 1258 non

668 1279 747 1337 ab
772 1280 905 1355 illis,
931 1278 1035 1337 sed
1063 1278 1136 1337 ab
1164 1278 1279 1337 alio
1306 1279 1446 1337 nim.
1476 1298 1511 1336 a
1530 1277 1702 1337 Vade
1719 1280 1750 1336 Ρ
1793 1278 1878 1337 Ut
1902 1277 2040 1335 hinc
2065 1277 2302 1353 liqueat,
2333 1293 2451 1333 non
2475 1292 2702 1332 omnem
2737 1278 3088 1337 satisfactio·

668 1378 803 1417 nem
830 1380 961 1419 cum
989 1359 1326 1417 remissione
1356 1378 1633 1437 pugnare,
1675 1376 1863 1436 neque
1904 1356 1982 1417 ad
2023 1356 2194 1415 istam
2229 1374 2454 1433 semper
2479 1355 2698 1431 requiri
2725 1364 2798 1415 ut
2831 1358 3092 1419 Creditor

668 1439 780 1498 sibi
806 1459 923 1498 non
952 1440 1096 1497 velit
1124 1438 1409 1499 satisfieri.

749 1518 1140 1579 XXXVIII.
1185 1522 1241 1578 4.
1275 1520 1489 1578 Mirum
1512 1536 1630 1576 non
1651 1524 1740 1576 est
1762 1516 1808 1575 si
1822 1516 2082 1575 Verbum
2103 1514 2304 1575 Crucis
2324 1514 2452 1574 istis
2471 1512 2814 1576 hominibus
2849 1520 3086 1579 stultitia

665 1596 949 1675 videatur,
973 1618 1105 1657 cum
1126 1599 1390 1658 Christus
1411 1598 1534 1676 ipse
1556 1597 1868 1657 crucifixus
1889 1598 2220 1655 scandalum
2239 1597 2350 1671 his,
2373 1596 2604 1655 stultitia
2631 1594 2755 1655 illis
2775 1618 2920 1659 esse
2941 1602 3082 1659 dica-

666 1684 777 1751 tur‚
814 1680 843 1735 1
878 1679 1007 1737 Cor.
1036 1677 1075 1739 i.
1106 1680 1219 1753 233
1264 1678 1369 1737 sed
1398 1697 1517 1737 non
1544 1677 1759 1736 desinit
1785 1684 1979 1735 tamen
2007 1696 2135 1736 esse
2155 1676 2398 1735 Vocatis
2418 1676 2716 1752 Sapientia
2745 1686 2809 1737 et
2829 1683 3084 1757 potentia

669 1756 800 1815 Dei.
874 1758 969 1817 Ita
1006 1757 1311 1817 consilium
1337 1758 1449 1816 hoc
1478 1757 1637 1836 quod
1663 1757 1874 1835 impuri
1903 1758 2000 1815 isti
2018 1757 2289 1837 ‘homines
2317 1755 2583 1815 delirium
2611 1776 2710 1815 ore
2741 1757 3084 1839 blasphemo

666 1844 725 1895 et
746 1837 1070 1897 execrando
1092 1846 1443 1916 nuncupant,
1470 1856 1756 1898 summum
1779 1846 1868 1897 est
1887 1844 2081 1896 tamen
2103 1845 2162 1896 et
2180 1835 2471 1895 ineffabile
2494 1836 2798 1914 sapientiae
2831 1850 2897 1899 et
2925 1844 3086 1901 mise-

666 1917 927 1977 ricordiae
968 1917 1183 1977 divinae
1222 1918 1583 1994 miraculum,
1627 1918 1721 1977 cui
1755 1918 1990 1996 obloqui
2017 1936 2186 1977 nemo
2214 1924 2422 1995 potest,
2452 1916 2593 1993 quin
2621 1936 2691 1975 eo
2720 1918 2862 1995 ipso
2889 1921 3084 1999 depre-

664 1998 952 2059 hendatur
988 2002 1274 2078 θιομιιχῶ.
1350 2000 1504 2076 Quid
1544 2017 1618 2057 an
1662 1998 1902 2058 stultum
1946 1998 2318 2057 sordidumve
2355 1995 2504 2056 foret
2544 1996 2596 2055 si
2637 1996 2934 2078 Princeps
2979 2004 3082 2061 cle-

663 2081 882 2140 mentia
907 2080 1190 2160 impulsus
1219 2102 1295 2141 ex
1330 2100 1435 2141 suo
1474 2080 1675 2140 serario
1715 2079 1880 2138 daret
1914 2077 2218 2157 pecuniam
2258 2096 2358 2135 reo
2398 2086 2466 2136 ut
2503 2076 2784 2139 muletam
2832 2082 3086 2141 solveret

662 2160 817 2219 bono
845 2162 1096 2239 publicO,
1136 2161 1214 2221 ad
1240 2160 1696 2221 conservandam
1722 2160 1921 2237 legum
1951 2159 2314 2218 autoritatem
2329 2159 2359 2216 ?
2401 2157 2659 2216 Donaret
2686 2177 2836 2218 sane
2865 2162 3086 2241 aliquid

664 2239 737 2298 de
766 2260 888 2315 suo,
920 2260 1037 2299 non
1064 2249 1131 2300 ut
1158 2242 1352 2301 statim
1382 2242 1668 2318 acciperet
1696 2248 1754 2299 et
1781 2240 2009 2317 privato
2037 2259 2141 2299 suo
2170 2237 2471 2297 commodo
2499 2237 2842 2315 applicaret,
2883 2244 2994 2301 sed
3021 2244 3088 2302 ad

662 2320 1082 2395 procurandam
1110 2320 1401 2398 publicam
1421 2320 1667 2397 justitiae
1695 2326 1754 2377 et
1783 2320 1962 2397 Legis
1991 2318 2459 2379 satisfactionem.
2523 2318 2636 2392 Qui
2663 2338 2809 2397 ergo
2842 2324 3086 2383 stultum

663 2416 791 2455 esse
819 2396 1030 2457 dicitur
1056 2419 1188 2458 cum
1219 2399 1381 2458 Deus
1417 2400 1571 2457 idem
1608 2397 1798 2458 facere
1838 2400 2110 2459 statuitur
2127 2402 2157 2459 ?
2211 2398 2433 2477 Nempe
2472 2398 2610 2476 quia
2650 2400 2952 2477 sapientia
2985 2406 3086 2465 Dei

660 2476 883 2536 homini
927 2478 1143 2537 carnali
1189 2478 1435 2538 stultitia
1470 2478 1718 2537 videtur.
1791 2478 1909 2538 Sed
1947 2480 2323 2559 quantumvis
2362 2478 2510 2536 nihil
2551 2479 2738 2537 simile
2781 2480 2952 2542 inter
2991 2486 3088 2545 ho·

660 2557 845 2617 mines
875 2556 1088 2618 divinae
1117 2559 1251 2619 huic
1280 2559 1697 2637 dispensationi
1725 2568 2064 2635 occurreret,
2109 2580 2184 2619 an
2209 2565 2513 2637 propterea
2540 2560 2816 2636 neganda
2845 2574 3012 2625 esset
3039 2577 3090 2625 et

662 2638 1040 2715 sugillanda?
1082 2640 1250 2717 quasi
1286 2640 1400 2699 vise
1442 2639 1554 2699 Dei
1596 2648 1790 2699 essent
1833 2640 1982 2701 sicut
2018 2640 2131 2699 viae
2171 2647 2400 2713 nostrae,
2442 2648 2501 2697 et
2543 2658 2856 2716 supremus
2897 2665 3090 2705 rerum

661 2719 904 2779 Arbiter
943 2728 1142 2779 nostro
1183 2720 1285 2798 qui
1324 2721 1739 2781 homunciones
1779 2730 2003 2781 tantum
2043 2740 2260 2794 sumus,
2297 2726 2355 2778 et
2381 2728 2549 2778 terrae
2575 2720 2892 2781 vermiculi
2923 2730 3088 2786 meti-

660 2798 845 2860 endus
883 2811 1036 2861 esset
1071 2800 1237 2880 pede.
1323 2800 1501 2861 Absit
1538 2822 1678 2859 vero
1721 2808 1788 2860 ut
1829 2810 2054 2861 tantum
2097 2800 2285 2859 scelus
2323 2799 2419 2859 vel
2461 2800 2786 2877 cogitemus
2825 2822 3088 2883 unquam

660 2880 758 2939 vel
784 2880 1174 2941 admittamus.
1260 2881 1413 2956 Quin
1450 2883 1661 2959 potius,
1707 2889 1771 2941 ut
1807 2881 1919 2941 hoc
1947 2880 2182 2941 tandem
2209 2878 2621 2940 concludamus
2648 2898 3086 2960 argumentum,

659 2959 891 3020 laudem
931 2962 1019 3019 illi
1068 2962 1395 3039 Sapientiae,
1444 2962 1746 3036 Potentiae,
1795 2962 1836 3021 J
1840 2961 2071 3036 ustitiae,
2123 2969 2182 3020 et
2226 2959 2642 3019 Misericordiae
2689 2980 2949 3025 summae
2993 2970 3088 3027 tri·

658 3040 921 3115 buenteS,
966 3049 1025 3100 et
1053 3041 1296 3117 gratiam
1324 3061 1430 3119 pro
1458 3050 1620 3101 tanto
1649 3040 1930 3101 beneficio
1957 3047 2194 3119 accepto
2223 3040 2617 3099 indesinenter
2659 3052 2917 3118 agentes
2961 3068 3086 3107 cnm

660 3120 706 3178 J
708 3138 911 3193 oanne,
943 3126 1003 3176 et
1030 3139 1182 3178 nunc
1211 3128 1271 3179 et
1298 3140 1539 3199 semper,
1571 3121 1858 3181 canticum
1885 3122 1998 3181 hoc
2027 3119 2490 3181 Eucharisticum
2517 3120 2858 3183 accinamus
2883 3148 2901 3184 ι
2931 3130 2974 3161 “
3001 3130 3090 3187 Illi

658 3198 761 3275 qui
788 3216 895 3255 nos
917 3196 1141 3273 dilexit,
1173 3207 1231 3258 et
1257 3199 1404 3258 lavit
1432 3220 1467 3259 a
1492 3202 1746 3278 peccatis
1773 3202 1988 3261 nostris
2014 3200 2078 3260 in
2095 3201 2376 3277 sanguine
2405 3221 2528 3277 su0,
2553 3200 2810 3279 fecitque
2833 3224 2954 3265 nos
2983 3210 3089 3268 Re-

659 3295 765 3415 {es
793 3284 851 3335 et
877 3276 1216 3386 §acerdotes
1241 3278 1368 3338 Deo
1396 3288 1456 3338 et
1477 3280 1639 3339 Patri
1667 3300 1790 3357 suo,
1822 3282 1898 3341 sit
1918 3282 2094 3341 robur
2121 3292 2180 3341 et
2208 3281 2393 3359 gioria
2419 3281 2481 3339 in
2509 3281 2708 3341 secula
2728 3284 3090 3361 seculorum,

723 3376 874 3416 men.

1258 3521 1795 3583 COROLLARIA
1837 3522 2484 3615 RuspoNnnums.

742 3682 793 3742 I.
841 3680 1263 3743 Satisfaetionis
1294 3684 1507 3744 Christi
1534 3705 1639 3763 pro
1667 3684 1837 3743 nobis
1873 3704 1991 3743 non
2037 3684 2210 3744 modo
2238 3684 2577 3758 Veritatem,
2609 3682 2713 3741 sed
2755 3694 2822 3745 et
2852 3688 3090 3749 Persec-

657 3762 891 3839 tionem,
924 3772 983 3823 et
1011 3764 1429 3825 Necessitatem
1458 3766 1846 3843 agnoscimus.

738 3844 826 3902 ΙΙ.
874 3844 1319 3904 Distinctionem
1347 3844 1484 3904 fidei
1510 3846 1571 3901 in
1600 3846 1933 3923 explicitam
1965 3853 2024 3905 et
2069 3838 2406 3923 implicitam
2445 3862 2620 3901 sensu
2649 3842 2998 3919 Pontificio,
3029 3858 3092 3905 ut

656 3932 715 3984 et
757 3923 820 3983 in
866 3924 1171 3983 formatam
1220 3934 1280 3985 et
1318 3924 1641 4001 informem,
1699 3944 1873 4003 quam
1923 3926 2046 3985 sine
2096 3925 2375 3985 charitate
2422 3942 2550 3982 esse
2597 3924 2831 4002 volunt,
2885 3930 3088 4007 reJici—

655 4024 804 4065 mus.

738 4084 859 4144 III.
908 4084 1047 4144 Sola
1072 4082 1218 4144 fides
1236 4082 1534 4161 justificat,
1565 4104 1684 4142 non
1711 4090 1904 4145 tamen
1924 4084 2209 4162 justificat
2239 4084 2362 4143 sine
2392 4084 2679 4161 operibus.

736 4165 848 4224 IV.
893 4163 1071 4224 Fides
1100 4172 1189 4225 est
1215 4164 1583 4241 immortalis3
1614 4173 1741 4225 tum
1761 4172 2029 4243 respectu
2047 4162 2375 4241 Viatorum,
2399 4164 2536 4223 licet
2559 4163 2742 4222 Israel
2771 4166 3090 4237 exciderit,

654 4250 714 4301 et
740 4244 950 4303 Petrus
980 4245 1271 4305 Christum
1311 4244 1607 4323 abnegans
1635 4253 1758 4304 tum
1788 4264 1887 4305 ore
1915 4254 2038 4304 tum
2087 4246 2260 4305 corde
2297 4243 2641 4323 peccaverit,
2678 4242 3090 4323 Salomonque

654 4323 911 4398 graviter
954 4344 1057 4400 per
1098 4328 1483 4403 γυναικομανῶ,
1528 4327 1728 4405 lapsus
1777 4326 1884 4403 sit3
1929 4334 2052 4385 tum
2107 4335 2374 4404 respectu
2419 4323 3000 4401 Comprehensorum
3027 4326 3088 4383 in

655 4400 867 4537 ςιιίἔὲιε
898 4402 1089 4461 locum
1120 4426 1345 4485 semper
1364 4407 1675 4491 obtinebit,
1707 4406 1975 4483 quamvis
2023 4425 2130 4467 suo
2179 4424 2353 4466 sensu
2399 4403 2476 4464 sit
2503 4404 2678 4464 etiam
2729 4403 3008 4466 desitura
3037 4407 3092 4463 in

654 4496 743 4537 eoe
821 4522 835 4535 .

734 4556 811 4618 V.
843 4556 1047 4618 Gratia
1074 4561 1277 4621 efficax
1304 4582 1423 4623 non
1450 4566 1573 4642 agit
1588 4586 1698 4644 per
1717 4566 1951 4626 modum
1971 4566 2174 4628 auxilii
2203 4574 2304 4627 aut
2323 4584 2513 4626 eausae
2534 4562 2802 4642 partialis
2831 4572 3090 4635 tantum,
