3234 5192
610 352 722 408 166
1384 368 1463 409 ne
1495 368 1856 409 nuci-:ssama
1887 368 2233 411 sucessione
2285 368 2294 375 ·
2615 347 2876 431 [msru'r.
2907 369 3012 411 vu.

605 505 861 566 sensores
888 529 1083 569 eorum
1114 520 1173 569 et
1200 518 1523 589 receptores
1551 512 1902 571 anathemati
1931 512 2291 570 decernimus
2321 511 2634 589 subjacere,
2665 520 2724 569 et
2745 512 2852 569 sub
2881 532 3014 571 ana-

602 587 855 647 themate
899 590 1287 667 prohibemus,
1339 612 1411 650 ne
1460 591 1590 668 quis
1639 611 1739 651 eos
1766 592 1826 649 in
1854 591 2139 666 domibuS,
2170 591 2266 651 vel
2308 591 2368 649 in
2395 600 2547 650 terra
2575 612 2676 649 sua
2699 601 2892 651 tenere
2919 594 3016 651 vel

604 666 816 743 fovere,
849 670 945 729 vel
972 672 1421 748 negotiationem
1446 690 1575 729 cum
1603 671 1678 731 iis
1705 690 1974 730 exercere
2021 672 2390 748 praesumat,'’
2423 670 2652 730 Deci-et.
2678 671 2856 749 Greg.
2885 672 2927 730 1.
2957 693 3013 731 v.

602 756 646 805 t.
680 751 735 806 7.
764 768 813 807 c.
846 751 902 809 8.
988 750 1277 811 Martinus
1326 751 1421 827 V.‚
1474 750 1726 829 optimus
1768 751 1946 827 hujus
1995 751 2211 809 oraculi
2239 751 2520 829 interpres
2563 760 2622 809 et
2669 776 2914 833 rga-mg,
2955 752 3012 809 in

604 828 781 887 Bulla
828 828 1213 890 damnationis
1242 850 1495 888 errorum
1539 830 1791 889 Wicleffi
1821 839 1876 889 et
1907 831 2092 889 Hussi
2119 851 2346 890 annexa
2395 831 2565 889 Actis
2593 831 2836 890 Concilii
2867 836 3014 891 Gon-

606 908 956 985 stantiensis,
1004 909 1262 969 districte
1283 910 1566 987 prohibet,
1615 913 1651 943 ‘⁴
1673 930 1746 968 ne
1794 910 2126 988 hujusmodi
2173 912 2436 969 homines
2485 910 2774 969 domicilia
2800 922 3012 987 tenere,

605 986 785 1045 larem
829 987 1042 1063 fovere,
1076 997 1405 1048 contractus
1432 990 1593 1065 inire,
1627 989 2048 1066 negotiationes
2075 999 2134 1049 et
2162 992 2506 1050 mercantias
2533 991 2823 1067 quaslibet
2849 1012 3014 1051 exer-

604 1086 751 1139 cere,
802 1076 903 1127 aut
950 1069 1323 1129 humanitatis
1352 1070 1559 1128 solatia
1602 1090 1734 1129 cum
1764 1070 1976 1129 Christi
2025 1071 2293 1130 fidelibus
2319 1070 2531 1129 habere
2559 1071 3014 1149 permittantur.''

606 1146 767 1205 Talis
796 1146 905 1207 fuit
934 1149 1109 1208 Bulla
1138 1150 1307 1208 Pauli
1352 1150 1473 1209 ΙΙΙ.
1492 1149 1772 1210 adversus
1807 1151 2122 1210 Henricum
2148 1150 2332 1209 VIII.
2366 1150 2600 1227 Angliae
2621 1171 2836 1228 regem,
2860 1152 3018 1229 quod

608 1226 909 1287 Pontificis
943 1230 1153 1307 jugum
1180 1239 1533 1305 excusserat,
1582 1231 1924 1290 Christianis
1966 1231 2234 1290 omnibus
2263 1230 2674 1305 interdicentis,
2721 1233 2761 1264 ⁴⁴
2783 1252 2855 1289 ne
2885 1253 3013 1291 eum

608 1308 865 1367 Henrico
887 1310 1127 1387 ejusque
1150 1310 1398 1371 subditis
1416 1311 1760 1371 commercIa
1795 1311 2092 1387 haberent,
2117 1320 2218 1369 aut
2251 1318 2580 1371 contractus
2607 1312 2876 1387 inirent,'’
2905 1310 3012 1371 διο.

610 1388 706 1447 Sic
736 1392 1105 1467 comprobata
1149 1402 1238 1450 est
1274 1392 1445 1451 etiam
1496 1392 1570 1450 ad
1596 1392 1823 1451 literam
1861 1392 2078 1451 veritas
2127 1392 2299 1468 hujus
2325 1391 2642 1469 prophetiae
2675 1392 2850 1468 juxta
2880 1392 3014 1451 Car-

605 1470 859 1528 thusiani
870 1472 1307 1548 expositionem,
1327 1474 1362 1505 ‘⁴
1378 1472 1748 1547 Christiani,'’
1769 1472 1958 1548 inquit
1975 1472 2036 1529 in
2051 1472 2206 1530 hunc
2223 1472 2432 1546 locum,
2443 1473 2479 1504 ⁴⁴
2490 1471 2665 1547 tunc,’
2675 1472 2686 1497 '
2699 1472 2761 1529 id
2773 1482 2864 1531 est
2873 1481 3012 1531 tem·

608 1568 747 1625 pore
778 1551 1144 1625 Antichristi,
1192 1554 1229 1584 ⁴⁴
1251 1552 1412 1610 velut
1440 1552 1923 1611 excommunicati
1951 1552 2304 1627 vitabuntur,
2336 1560 2394 1610 et
2421 1562 2621 1610 mutuo
2649 1552 2902 1611 vendere
2949 1574 3014 1611 ac

606 1646 795 1687 emere
842 1649 960 1687 non
1008 1631 1221 1690 licebct
1264 1640 1476 1708 aperte,
1522 1632 1637 1689 nisi
1683 1632 1926 1707 signatis
1972 1632 2300 1690 charactere
2346 1631 2754 1691 Antichristi.'’
2799 1632 3014 1691 Notum

604 1708 920 1783 quinetiam
968 1711 1093 1768 haec
1122 1710 1275 1787 apud
1328 1710 1665 1770 Pontificios
1693 1712 1950 1769 obtinere
1978 1712 2168 1785 hodie,
2199 1720 2258 1771 et
2285 1712 2452 1770 factis
2480 1711 2622 1789 ipsis
2649 1712 2822 1770 nimis
2862 1731 3017 1770 com·

606 1788 839 1864 probari
872 1790 1050 1847 cruda
1066 1790 1341 1867 dogmata
1366 1814 1379 1849 :
1414 1792 1449 1823 ⁴⁴
1470 1790 1671 1849 Licere
1688 1791 2020 1849 haereticum
2039 1792 2207 1851 bonis
2237 1792 2356 1850 suis
2385 1792 2690 1869 spoliare,'’
2723 1792 2893 1850 Caua.
2923 1796 3014 1867 15,

604 1875 809 1945 quaest.
838 1872 894 1943 4,
928 1870 1158 1929 Glossa.
1204 1874 1240 1903 ‘⁴
1260 1871 1491 1929 Patrem
1519 1870 1700 1929 filium
1731 1871 2062 1931 haereticum
2093 1872 2274 1930 teneri
2303 1872 2690 1930 exhaeredare.
2775 1872 3022 1949 Propter

604 1948 867 2007 haeresim
894 1949 1075 2026 patris
1101 1950 1253 2009 filios
1282 1970 1407 2009 esse
1438 1952 1528 2009 sui
1560 1950 1728 2027 juris,
1817 1951 2073 2010 Uxorem
2103 1952 2228 2009 viro
2256 1952 2525 2011 haeretieo
2553 1952 3017 2011 benevolentiam

605 2027 843 2088 reddere
872 2049 989 2087 non
1010 2031 1253 2105 teneri,”
1278 2030 1433 2108 apud
1464 2031 1856 2090 Simanchum.
1918 2034 1953 2064 ‘⁴
1980 2031 2240 2091 Subditis
2263 2032 2435 2091 licere
2467 2031 2718 2090 Domino
2745 2032 3018 2091 haeretico

604 2129 818 2186 negare
874 2110 1233 2187 obsequium.
1320 2110 1452 2170 Non
1506 2111 1681 2170 licere
1711 2111 2054 2170 Christianis
2083 2112 2327 2171 tolerare
2355 2132 2554 2189 regem
2583 2112 2933 2186 haereticum,
2968 2113 3018 2171 si

602 2199 841 2249 conetur
888 2190 985 2249 ille
1030 2192 1359 2267 pertrahere
1388 2191 1652 2251 subditos
1679 2190 1754 2249 ad
1803 2211 1963 2250 suam
1993 2192 2316 2251 haeresim.”
2403 2192 2581 2270 Apud
2611 2192 2883 2250 Bellarm.
2914 2192 3018 2251 lib.

600 2290 657 2327 v.
689 2270 761 2327 de
792 2271 863 2328 R.
898 2270 963 2327 P.
987 2290 1112 2347 cap.
1146 2274 1200 2330 ⁷.
1288 2271 1613 2331 Haereticus
1657 2280 1848 2331 autem
1879 2273 1995 2330 illis
2023 2280 2128 2348 est,
2153 2272 2398 2349 quilibet
2425 2272 2520 2331 vel
2549 2272 2799 2331 maxime
2821 2272 3018 2331 ortho-

596 2349 802 2423 doxuS,
836 2350 1002 2427 cujus
1028 2350 1174 2409 fides
1202 2372 1333 2410 cum
1364 2352 1536 2430 Papae
1564 2360 1624 2411 et
1652 2352 1930 2411 Ecclesiae
1961 2351 2130 2410 Rom.
2159 2352 2272 2410 fide
2301 2372 2418 2411 non
2446 2352 2753 2429 conspirat.

1216 2432 1545 2491 XXXIII.
1590 2432 1921 2491 Characteri
1939 2431 2171 2491 additur
2197 2434 2435 2507 Nomen,
2469 2442 2528 2491 et
2555 2434 2842 2490 Numerus
2877 2434 3017 2491 Bes-

1132 2513 1240 2571 tiae.
1326 2512 1854 2588 Quomodocunque
1883 2522 2076 2571 autem
2099 2512 2473 2589 intelligatur,
2507 2511 2630 2570 sive
2660 2514 2932 2589 exeqetz‘cc
2961 2524 3022 2572 et

1133 2593 1459 2669 copulative,
1506 2600 1571 2651 ut
1612 2592 1726 2652 tria
1769 2592 1878 2651 ista
1933 2592 2269 2670 jungantur,
2321 2601 2594 2669 tanquam
2627 2593 2739 2651 tria
2785 2592 3022 2652 nomina

604 2673 861 2751 ejusdem
893 2675 992 2751 rei,
1025 2683 1089 2734 ut
1115 2673 1402 2751 posterius
1432 2672 1505 2731 sit
1534 2676 1807 2744 ιξκγητικυ
1853 2673 2077 2750 prioris,
2125 2672 2216 2751 (ut
2241 2693 2356 2732 non
2381 2675 2580 2750 paucis
2607 2673 2816 2751 placet,
2843 2684 2904 2732 et
2929 2674 3021 2732 vi-

602 2754 771 2815 detur
799 2757 940 2815 satis
968 2756 1120 2815 clare
1148 2753 1427 2813 insinuari
1453 2753 1582 2811 loco
1612 2754 1808 2823 eitam,
1828 2772 1951 2831 cap.
1981 2753 2106 2811 xiii.
2141 2757 2233 2827 1⁷,
2277 2754 2376 2811 ubi
2425 2754 2538 2811 ista
2565 2753 3016 2831 conjunguntur,

607 2839 644 2870 ⁴⁴
668 2836 852 2895 Nemo
878 2844 1071 2914 potest
1113 2854 1301 2895 emere
1351 2834 1446 2892 vel
1475 2834 1744 2909 vendere,
1775 2833 1888 2891 nisi
1916 2833 2016 2911 qui
2043 2834 2312 2893 habuerit
2337 2860 2394 2891 τι
2421 2860 2702 2914 zaga-yps,
2731 2861 2758 2897 η
2785 2861 2842 2890 το
2869 2860 3020 2909 ηιμ.

602 2924 692 2977 τοῦ
715 2920 903 2999 Rugum,
934 2944 960 2982 n
980 2944 1059 2977 του
1086 2925 1284 2998 αζιθμον
1310 2922 1399 2974 τοῦ
1424 2940 1655 2992 ονοματος
1695 2921 1866 2991 σιντ-οῦ,
1897 2915 2303 2989 characterem,
2361 2926 2461 2972 aut
2516 2934 2726 2972 nomen
2781 2914 3016 2989 Bestiae,

601 3007 701 3057 aut
728 3018 1029 3057 numerum
1058 2998 1307 3057 nominis
1334 2998 1520 3074 ejuS,'‘
1548 2995 1609 3053 id
1639 3004 1742 3071 est,
1789 3014 2002 3054 nomen
2027 2994 2182 3053 hunc
2229 3014 2532 3053 numerum
2559 2994 2816 3071 habens3
2861 2994 3018 3053 unde

602 3078 742 3137 alibi
770 3079 985 3137 mentio
1005 3078 1072 3137 fit
1100 3077 1437 3154 simpliciter
1471 3076 1834 3151 characteris,
1862 3095 1985 3152 cap.
2025 3075 2148 3133 xiv,
2195 3076 2251 3149 9,
2301 3073 2398 3135 vel
2446 3074 2794 3133 characteris
2829 3074 3018 3133 nomi-

601 3158 695 3214 nis
738 3158 955 3230 bestiae,
1003 3178 1123 3215 ver.
1178 3162 1270 3229 11,
1316 3156 1411 3215 vel
1440 3156 1788 3215 characteris
1825 3164 1884 3215 et
1911 3155 2133 3213 numeri
2161 3154 2429 3229 nominis,
2462 3175 2585 3231 cap.
2617 3175 2716 3213 xv,
2741 3154 2842 3233 2);
2889 3154 3016 3214 sive

605 3235 871 3307 destincte,
902 3236 1069 3310 quasi
1094 3255 1188 3294 res
1230 3236 1492 3309 diversae,
1524 3245 1590 3293 ut
1634 3235 1763 3293 aliis
1790 3235 1978 3312 magis
2019 3235 2310 3311 probatur,
2343 3244 2402 3295 et
2434 3234 2751 3295 Char-aeter
2777 3234 3018 3313 quidem

606 3313 665 3369 in
695 3332 903 3388 genere
932 3322 1093 3372 notet
1122 3314 1531 3389 professionem
1560 3314 1752 3372 cultus
1781 3313 2244 3389 Antichristiani,
2288 3317 2510 3373 Nomen
2557 3335 2696 3373 vero
2724 3316 3016 3393 propriam

606 3392 820 3451 Bestiae
868 3392 1328 3469 appellationem,
1359 3412 1475 3469 qua
1528 3392 1731 3451 Bestia
1757 3393 1831 3451 ab
1879 3393 2008 3451 aliis
2062 3394 2264 3453 bestiis
2293 3394 2697 3472 distinguatur,
2727 3397 3022 3455 Numerus

606 3491 745 3531 vero
792 3473 1028 3531 nominis
1056 3491 1265 3531 nomen
1309 3472 1411 3531 tali
1440 3492 1678 3531 numero
1727 3492 2083 3550 expressum,
2115 3484 2332 3533 certum
2389 3486 2478 3535 est
2531 3494 2652 3533 rem
2697 3475 2899 3534 eodem
2927 3496 3022 3535 re-

602 3551 745 3627 dire,
768 3552 1038 3612 nimirum
1067 3562 1133 3612 ut
1157 3562 1509 3631 proponatur
1535 3560 1674 3611 nota
1701 3552 2012 3629 singularis
2042 3554 2614 3629 Antichristianismi,
2665 3564 2838 3633 prout
2884 3576 3022 3633 pro-

602 3634 869 3709 fessione,
900 3633 1147 3707 nominc,
1174 3642 1231 3692 et
1251 3652 1489 3692 numero
1516 3632 1630 3691 isto
1659 3631 2012 3711 designatur.
2097 3636 2321 3693 Nomen
2367 3644 2558 3695 autem
2603 3636 2714 3694 hoc
2741 3654 2857 3693 non
2883 3656 3020 3715 pro·

604 3714 791 3795 prium
822 3722 881 3773 et
906 3714 1207 3792 personale
1236 3721 1414 3790 notat,
1440 3712 1543 3772 sed
1568 3714 1880 3791 mysticum
1903 3734 2005 3773 seu
2028 3714 2392 3775 Gentilitium
2424 3724 2482 3774 et
2509 3735 2828 3791 commune,
2860 3716 3023 3793 quod

602 3817 719 3855 non
746 3794 906 3855 aliud
934 3802 1023 3855 est
1049 3814 1220 3872 quam
1250 3812 1460 3853 nomen
1486 3795 1731 3853 Romani
1768 3814 1872 3854 seu
1897 3796 2097 3853 Latini
2131 3804 2324 3870 status,
2355 3796 2523 3872 cujus
2551 3795 2816 3854 ultimum
2845 3805 3026 3873 caput

606 3877 807 3937 debuit
848 3895 976 3935 esse
1028 3874 1456 3949 Antichristus;
1502 3872 1574 3932 de
1601 3894 1718 3950 quo
1747 3874 2000 3934 dubitari
2025 3896 2144 3935 non
2169 3884 2377 3953 potest,
2410 3875 2460 3934 si
2487 3895 2694 3934 nomen
2725 3874 2882 3935 istud
2909 3896 3022 3935 nu·

606 3978 825 4017 merum
870 3956 1085 4015 Bestiae
1134 3954 1596 4032 comprehendat.
1664 3954 1952 4013 Numerus
2001 3956 2212 4015 dieitur
2275 3976 2538 4014 numerus
2573 3957 2826 4031 nomimis,
2880 3956 3022 4033 quia

604 4039 804 4114 literae,
856 4058 931 4096 ex
980 4036 1193 4114 quibus
1234 4054 1447 4093 nomen
1490 4042 1732 4109 constat,
1779 4054 2081 4095 numerum
2125 4036 2289 4094 illum
2329 4036 2804 4113 complectuntur,
2843 4038 3024 4113 juxta

606 4120 893 4178 Hebraeos
942 4125 1002 4177 et
1050 4116 1307 4191 Graecos,
1338 4114 1441 4193 qui
1484 4114 1672 4173 literis
1701 4114 1821 4173 suis
1841 4135 1946 4192 pro
1981 4134 2348 4175 numerorum
2377 4116 2531 4175 notis
2575 4136 2728 4193 saepe
2755 4124 3018 4176 utuntur.

608 4200 837 4259 Dicitur
878 4199 1053 4259 etiam
1096 4216 1361 4256 numerus
1404 4195 1654 4269 hominis,
1701 4195 1798 4253 vel
1841 4195 1978 4272 quia
2025 4196 2150 4273 ejus
2192 4197 2542 4273 computatio
2569 4196 2900 4255 hominibus
2927 4206 3023 4255 est

602 4289 759 4355 nota,
790 4288 849 4339 et
874 4280 1026 4339 inter
1052 4298 1153 4338 eos
1172 4298 1291 4336 non
1316 4296 1446 4335 raro
1472 4276 1702 4349 usitata,
1733 4296 1906 4354 quam
1927 4276 2164 4335 humani
2191 4276 2410 4354 ingenii
2436 4277 2528 4335 vis
2556 4278 2786 4353 assequi
2813 4277 3020 4353 possit,

608 4359 897 4435 quomodo
924 4378 1189 4419 mensura
1229 4358 1479 4430 homimis,
1513 4356 1699 4433 Apoc.
1749 4357 1874 4415 xxi.
1925 4358 2016 4431 17,
2048 4367 2136 4416 est
2173 4377 2302 4434 quae
2329 4356 2660 4415 hominibus
2687 4356 2902 4416 usitata
2927 4366 3024 4417 est

609 4447 667 4496 et
695 4438 883 4513 obvia,
914 4448 973 4498 et
1016 4442 1267 4498 calamus
1314 4438 1565 4509 hominis,
1620 4436 1734 4495 Isa.
1783 4438 1904 4497 viii.
1939 4440 1990 4512 1,
2021 4437 2122 4515 qui
2149 4438 2223 4495 ab
2249 4437 2581 4495 hominibus
2621 4445 2930 4513 usurpatur
2959 4446 3022 4497 et

608 4516 983 4594 intelligitur;
1028 4518 1125 4577 vel
1152 4518 1289 4595 quia
1316 4518 1565 4577 hominis
1582 4515 1938 4577 intellectum
1965 4518 2230 4577 habentis
2258 4517 2550 4595 proprium
2579 4525 2669 4575 est
2695 4536 3021 4575 numerare.

612 4596 973 4674 Exprimitur
983 4607 1173 4657 autem
1193 4617 1404 4656 nomen
1432 4598 1560 4672 hoc,
1574 4606 1635 4655 et
1645 4616 1932 4673 numerus,
1945 4597 2042 4656 vel
2052 4596 2236 4657 tribus
2247 4598 2488 4656 vocibus
2509 4596 2767 4674 integriS,
2781 4600 3024 4668 ἑξακοσιοι

610 4680 833 4751 {innonat
860 4680 923 4751 ἃξ,
956 4686 1019 4734 ut
1048 4676 1223 4733 habet
1266 4677 1485 4752 regium
1518 4676 1813 4753 exemplar
1855 4678 2134 4751 illontam‘,
2167 4677 2260 4735 vel
2318 4678 2502 4736 tribus
2531 4677 2923 4736 numeralibus
2953 4706 3018 4754 χ,

603 2494 794 2540 Nomen
828 2500 879 2541 et
906 2496 956 2541 N
961 2511 1091 2542 nme-

691 2568 777 2599 rus
808 2554 999 2601 Bestiae.
