3234 5192
251 262 488 302 meror.
522 240 657 319 vn.]
981 256 1217 297 Nos-ras
1248 254 1327 295 AB
1356 254 1640 295 scenssm
1669 254 1942 294 noffluu.
2547 234 2658 297 175

257 401 601 476 septimanae
640 398 903 456 Danielis
930 403 1241 471 ponuntur
1262 414 1372 470 pro
1400 393 1764 469 septimanis,
1794 412 1912 450 non
1939 394 2188 462 dierum,
2213 393 2315 451 sed
2337 411 2652 455 annorum.

262 480 391 537 Nec
416 498 509 537 res
538 478 791 535 obscura
816 482 920 545 est,
952 475 998 531 si
1028 493 1114 544 ea,
1145 494 1279 547 quae
1306 472 1712 531 Antichristus
1739 490 2022 546 peragere
2069 472 2296 540 debuit,
2343 475 2659 531 attendan-

262 566 377 627 tur,
406 576 539 632 quae
568 555 809 613 tantillo
849 554 1131 627 temporis
1158 552 1350 627 spatio
1379 550 1577 626 perfici
1608 568 1728 607 non
1757 556 2101 623 potuerunt.
2185 548 2413 607 Debuit
2439 552 2662 611 scilieet

263 654 337 693 ex
378 634 673 693 sententia
718 631 1168 689 Pontificiorum
1222 638 1417 687 totum
1467 629 1672 685 orbem
1720 628 2011 701 subigere,
2045 628 2412 685 Christianos
2456 648 2660 688 omnes

265 714 600 790 profligare,
630 712 861 768 cultum
890 728 1127 766 onmem
1156 708 1461 781 religionis
1491 706 1845 765 Christianae
1875 706 2134 775 abolere,
2167 705 2658 780 Hierosolymam

267 811 403 850 cum
456 792 679 865 templo
710 790 908 845 denuo
937 794 1228 855 extruere,
1262 784 1399 859 Gog
1426 793 1486 842 et
1532 784 1763 859 Magog
1790 804 1988 841 secum
2025 784 2302 859 jungere,
2333 792 2393 842 et
2435 787 2556 845 alia
2597 789 2660 845 id

264 888 469 945 genus,
500 888 637 944 quae
666 874 787 924 tam
816 866 981 923 brevi
1008 865 1326 922 intervallo
1356 882 1523 939 posse
1553 864 1756 938 peragi
1786 882 1962 920 nemo
1991 864 2224 920 dixerit.
2312 864 2392 921 Et
2419 883 2556 923 cum
2585 886 2660 925 ex

264 949 349 1006 rei
397 949 647 1006 veritate
677 951 930 1003 testetur
963 943 1221 1019 Spiritus
1278 942 1547 1013 Sanctus,
1577 944 1741 1016 quod
1790 959 1976 1015 regna
2023 943 2226 1001 decem
2255 944 2466 1000 eodem
2513 952 2660 1003 tem-

264 1045 409 1103 pore
437 1026 666 1083 oritura
692 1024 811 1081 sint
838 1042 975 1080 cum
1006 1022 1227 1091 bestia3
1259 1022 1313 1078 2.
1354 1018 1571 1096 Populi
1600 1027 1661 1077 et
1707 1021 1976 1077 nationes
2025 1020 2352 1078 innumerae
2381 1040 2510 1080 eam
2543 1025 2663 1082 sint

266 1107 605 1163 adoraturae
631 1124 645 1171 ;
689 1102 741 1157 3.
790 1101 973 1167 Quod
1016 1100 1241 1156 bellum
1271 1117 1474 1173 gerere
1502 1116 1638 1155 cum
1667 1098 1882 1155 sanctis
1907 1100 2136 1167 debeat,
2166 1106 2227 1156 et
2252 1118 2352 1156 eos
2389 1100 2660 1173 vincere3

265 1184 324 1239 4.
372 1182 553 1249 Quod
584 1196 789 1235 omnes
820 1187 991 1235 terrae
1012 1176 1239 1233 incolas
1267 1179 1341 1233 ad
1371 1177 1463 1233 sui
1491 1177 1720 1233 cultum
1750 1177 2100 1250 compellere
2129 1178 2356 1246 debeat,
2407 1198 2530 1237 non
2570 1200 2662 1239 ar-

268 1278 509 1317 morum
538 1258 615 1327 vi,
646 1259 749 1313 sed
785 1255 1145 1313 seductionis
1185 1256 1439 1323 artibus;
1483 1254 1537 1313 5.
1584 1255 1764 1321 Quod
1815 1254 2092 1311 meretrix
2137 1256 2364 1313 tamdiu
2408 1256 2664 1319 insidere

271 1338 489 1395 debeat
515 1334 737 1404 best-iae,
766 1335 975 1403 donec,
1005 1333 1145 1391 vino
1172 1333 1546 1391 scortationis
1573 1332 1704 1406 ejus
1721 1332 2024 1389 inebriatis
2052 1332 2330 1391 omnibus
2359 1342 2530 1393 terrae
2572 1338 2662 1397 in-

272 1415 436 1484 colis,
468 1432 602 1471 cum
630 1430 703 1469 ea
728 1419 1059 1469 scortentur
1100 1430 1282 1484 reges,
1312 1420 1371 1469 et
1398 1422 1753 1469 mercatores
1781 1410 1994 1485 opibus
2034 1410 2374 1469 delitiarum
2403 1415 2534 1487 ejus
2573 1418 2663 1475 di-

270 1500 517 1565 tescant,
568 1491 703 1566 quis
744 1509 865 1547 non
914 1490 1080 1546 videt
1126 1492 1251 1548 11ωο
1298 1490 1499 1547 omnia
1543 1507 1695 1565 opus
1740 1507 1860 1545 esse
1905 1507 2023 1545 non
2070 1490 2329 1547 duorum
2357 1493 2452 1548 vel
2481 1494 2664 1554 trium

270 1588 589 1639 annorum,
639 1570 741 1626 sed
786 1569 965 1642 longe
1019 1569 1261 1643 majoris
1304 1568 1496 1643 spatii,
1546 1567 2087 1643 quomodocunque
2134 1574 2370 1642 tempus
2414 1572 2527 1629 hoc
2575 1574 2664 1631 in-

270 1650 596 1724 telligatur,
642 1648 737 1705 vel
784 1647 1107 1717 indefinite,
1158 1654 1227 1705 ut
1272 1647 1632 1721 quibusdam
1679 1645 1934 1717 videtur,
1965 1646 2060 1703 vel
2113 1646 2372 1718 definite,
2417 1657 2488 1707 ut
2532 1654 2664 1713 aliis

311 1729 506 1786 lacet?

272 1750 311 1804 p
353 1806 633 1865 XLVII.
681 1805 862 1872 Quod
892 1805 1142 1861 ulterius
1175 1804 1424 1861 affertur
1451 1806 1527 1861 de
1556 1804 1772 1879 oriyine
1802 1804 2160 1875 Amic-kriste}
2193 1807 2355 1879 qnod
2385 1809 2462 1867 sit
2500 1810 2668 1867 futu-

272 1904 375 1943 rus
396 1884 437 1943 J
442 1887 671 1955 udaeus,
700 1902 773 1939 ex
815 1884 977 1940 tribu
1020 1882 1158 1941 Dan
1187 1883 1495 1954 oriundus,
1524 1902 1756 1940 merum
1785 1891 1876 1941 est
1899 1885 2253 1958 figmentum
2281 1903 2319 1942 a
2358 1889 2669 1947 nonnullis

273 1971 544 2021 veterum
585 1965 710 2020 sine
754 1963 883 2019 ulla
908 1962 1139 2019 ratione
1166 1961 1589 2034 excogitatum,
1619 1962 1716 2019 cui
1744 1980 1818 2017 ne
1846 1962 1968 2037 ipse
1997 1963 2240 2037 quidem
2271 1963 2670 2025 Bellarminus

272 2044 534 2099 multum
562 2041 791 2099 tribuit.
874 2038 1038 2097 Nam
1090 2040 1139 2097 si
1184 2040 1441 2098 Judaeus
1476 2041 1688 2097 debuit
1725 2058 1865 2110 esse,
1915 2042 2216 2115 quomodo
2245 2042 2542 2100 diceretur
2567 2063 2673 2119 per

272 2120 629 2195 apostasiam
670 2118 949 2176 defecisse
987 2136 1025 2175 a
1062 2120 1197 2189 fide,
1228 2136 1411 2194 quam
1439 2136 1714 2192 nunqum
1741 2120 1970 2189 habuit,
1999 2126 2060 2175 et
2087 2121 2290 2175 sedere
2317 2120 2380 2177 in
2411 2120 2676 2181 Ecclesia

274 2199 336 2255 in
365 2218 489 2274 qua
517 2216 830 2272 nunquam
858 2196 975 2253 fuit
1006 2199 1026 2254 ἓ
1110 2197 1312 2265 Quam
1342 2204 1543 2254 autem
1572 2196 1649 2254 sit
1679 2196 1854 2254 futile
1882 2204 1942 2254 et
1969 2197 2291 2267 infirmum,
2321 2200 2486 2274 quod
2528 2202 2674 2258 dici-

272 2286 375 2333 tur
416 2296 489 2334 ex
530 2276 694 2333 tribu
726 2275 860 2333 Dan
891 2274 1199 2345 oriundus,
1230 2275 1389 2351 quia,
1420 2275 1578 2350 Apo,
1610 2276 1707 2331 vii.
1740 2277 1796 2345 4,
1825 2294 1946 2332 non
1973 2277 2079 2333 fiat
2114 2276 2340 2333 mentio
2369 2277 2542 2336 istius
2570 2280 2674 2337 tri-

275 2356 387 2414 bus
414 2354 570 2413 inter
602 2354 715 2411 144
740 2352 906 2409 mille
935 2354 1220 2427 signatos,
1248 2372 1340 2410 res
1366 2354 1496 2428 ipsa
1522 2355 1729 2423 docet3
1773 2372 1882 2411 nec
1909 2353 2196 2412 diffitetur
2231 2354 2528 2415 Emanuel
2573 2358 2672 2433 Sa,

274 2452 463 2507 quum
492 2433 579 2490 ait
606 2450 729 2488 non
776 2449 944 2506 posse
972 2432 1090 2488 dici
1119 2450 1226 2489 cur
1252 2433 1467 2491 omissa
1516 2433 1605 2491 sit.
1695 2433 1876 2501 Quod
1905 2450 2045 2489 vero
2089 2436 2453 2506 pertendunt
2495 2438 2675 2495 Anti-

274 2512 561 2569 christum
604 2508 1041 2583 Hierosolymis
1084 2512 1285 2567 sedem
1333 2530 1503 2568 suam
1552 2510 1918 2581 habiturum,
1963 2518 2023 2568 et
2067 2510 2150 2567 ibi
2199 2511 2675 2575 instauraturum

274 2591 583 2665 templum,
612 2596 673 2645 et
728 2587 1142 2645 restit-uturum
1188 2590 1567 2648 caeremonias
1614 2592 1856 2665 legaleS,
1887 2597 2184 2663 repugnat
2219 2592 2413 2649 verbis
2439 2592 2674 2665 Christi,

277 2668 383 2742 qui
435 2668 730 2741 templum
785 2665 1405 2740 Hierosolymitanum
1454 2687 1767 2743 nunquam
1822 2686 1947 2723 esse
2001 2668 2202 2723 denuo
2257 2670 2676 2729 aedificandum

276 2747 465 2814 docet,
497 2744 716 2801 Matth.
748 2744 912 2801 xxiii.
948 2744 1043 2814 38,
1066 2753 1125 2803 et
1152 2747 1311 2803 xxixr.
1333 2747 1387 2815 2,
1413 2746 1557 2803 Luc.
1582 2747 1703 2802 xix.
1727 2746 1823 2814 44,
1853 2752 1914 2801 et
1942 2744 2283 2817 Scripturae,
2313 2764 2448 2819 quae
2477 2748 2676 2807 cultus

278 2822 531 2882 Levitici
581 2822 847 2897 abrogati
894 2826 1073 2881 semel
1101 2842 1206 2897 per
1250 2824 1630 2895 evangelium
1679 2821 2114 2879 restitutionem
2157 2823 2432 2895 nuspiam
2475 2826 2673 2883 tradit.

278 2902 600 2975 Templum
640 2920 799 2974 erge,
828 2901 890 2957 in
941 2922 1062 2977 quo
1112 2918 1376 2958 sessurus
1419 2900 1638 2955 dicitur
1667 2898 2093 2967 AntichristuS,
2144 2914 2264 2953 non
2313 2906 2507 2973 potest
2552 2919 2677 2962 esse

278 2980 575 3053 templum
620 2978 1241 3053 Hierosolymitanum
1270 2984 1503 3033 aeternae
1542 2976 1898 3033 desolationi
1925 2976 2230 3045 devotum,
2261 2979 2362 3033 sed
2411 2976 2677 3041 Ecclesia

280 3056 415 3125 Dei,
444 3075 579 3131 quae
608 3058 823 3131 passim
853 3060 967 3115 hoc
994 3056 1235 3114 nomine
1264 3054 1429 3111 venit
1456 3055 1517 3111 in
1548 3054 1870 3128 Scriptura,
1901 3072 2082 3127 quam
2111 3060 2239 3110 erat
2259 3054 2592 3129 invasurus,
2616 3070 2676 3120 et

280 3135 659 3193 sacerrimam
688 3154 859 3193 suam
881 3138 1082 3193 sedem
1110 3135 1173 3191 in
1202 3134 1310 3191 illa
1338 3133 1759 3203 collocaturuS,
1790 3140 1860 3190 ut
1887 3150 2068 3207 supra
2094 3133 2414 3205 probatum
2449 3144 2551 3194 est.

358 3212 675 3271 XLVIII.
720 3214 783 3271 N
788 3233 864 3270 on
894 3213 1155 3271 melioris
1198 3219 1286 3269 est
1312 3212 1622 3269 commatis
1661 3211 1872 3269 fabula
1898 3212 1972 3267 de
2012 3212 2248 3269 Enocho
2276 3220 2336 3271 et
2363 3214 2524 3287 Elia,
2567 3220 2674 3295 qui

275 3312 309 3351 e
338 3291 623 3349 Paradiso
650 3292 714 3349 in
763 3293 966 3349 orbem
1008 3291 1258 3349 redituri
1298 3291 1417 3347 sint
1456 3292 1566 3347 sub
1594 3292 1772 3347 finem
1801 3290 2032 3360 mundi,
2076 3309 2152 3346 cx
2184 3291 2331 3349 Gen.
2364 3311 2416 3351 v.
2470 3298 2562 3367 24,
2614 3306 2674 3357 et

278 3370 537 3428 Malach.
570 3371 649 3427 iv.
681 3370 737 3440 5,
767 3377 828 3426 et
854 3371 1089 3444 publice
1117 3388 1177 3426 se
1208 3370 1538 3445 opposituri
1560 3369 1950 3439 AntichristO,
1974 3376 2034 3425 et
2060 3369 2137 3425 ab
2164 3387 2234 3425 eo
2263 3369 2669 3448 interficiendi,

278 3450 379 3505 sed
408 3449 609 3506 triduo
638 3455 770 3523 post
796 3448 1025 3506 cunctis
1054 3449 1397 3505 videntibus
1436 3448 1841 3517 resurrecturi,
1872 3456 1932 3504 et
1972 3447 2035 3503 in
2065 3448 2278 3504 eoelum
2311 3455 2670 3525 assumendi,

278 3527 468 3601 Apoc.
496 3528 575 3584 xi.
602 3527 637 3583 3
662 3549 676 3596 3
708 3544 933 3583 meram
962 3528 1119 3583 enim
1138 3526 1408 3584 fabulam
1436 3545 1559 3585 esse
1587 3528 1685 3583 vel
1713 3546 1784 3583 ex
1817 3544 1887 3582 eo
1916 3532 2162 3597 constat,
2192 3528 2348 3599 quod
2376 3528 2566 3585 altum
2596 3534 2671 3589 de

274 3624 347 3663 eo
375 3606 451 3662 sit
475 3606 540 3662 in
572 3605 886 3679 Scriptura
922 3605 1242 3673 silentium,
1273 3624 1409 3679 quae
1451 3606 1525 3662 de
1553 3622 1761 3661 eorum
1791 3604 2180 3661 translatione
2224 3603 2280 3658 in
2315 3602 2668 3667 Paradisum

273 3684 450 3757 plane
478 3690 651 3741 tacet.
735 3683 828 3739 De
858 3682 1103 3740 Enocho
1132 3684 1373 3757 quidem
1397 3684 1556 3753 dicit,
1588 3684 1770 3757 quod,
1801 3690 2113 3757 postquam
2159 3682 2492 3741 ambulavit
2531 3704 2668 3745 cum

274 3762 421 3830 Dee,
439 3762 501 3817 id
524 3769 632 3830 est,
654 3760 749 3834 pie
771 3767 831 3817 et
859 3768 1059 3818 sancte
1080 3759 1143 3818 in
1171 3763 1398 3818 mundo
1422 3762 1587 3831 vixit,
1612 3780 1732 3817 non
1756 3761 1917 3817 visus
1941 3762 2016 3818 sit
2035 3761 2308 3837 ampliuS,
2340 3763 2484 3835 quia
2506 3762 2670 3823 Deus

271 3858 411 3896 011111
440 3840 518 3897 ad
548 3856 608 3895 se
636 3838 873 3914 recepit,
904 3839 1066 3896 nimi.
1097 3840 1159 3896 in
1188 3840 1420 3910 coelum,
1451 3859 1525 3897 ne
1556 3841 1784 3897 videret
1810 3847 2082 3897 mortem.
2166 3840 2229 3897 N
2233 3859 2298 3897 ec
2341 3840 2506 3898 locus
2555 3842 2669 3902 Ec-

270 3917 582 3974 clesiastici
626 3916 769 3973 xliv.
820 3918 895 3974 26
945 3918 1111 3975 aliud
1156 3921 1344 3990 docet,
1387 3919 1658 3994 Vulgata
1705 3920 1946 3994 quidem
1996 3918 2184 3976 versio
2234 3920 2430 3988 habet,
2502 3925 2665 3996 quod

272 4002 308 4029 “
340 3995 665 4051 translatus
719 3994 795 4051 sit
846 3996 907 4051 in
964 3998 1327 4071 paradisum,
1384 4005 1453 4055 ut
1505 4001 1608 4055 det
1669 3998 1947 4073 gentibus
2001 3997 2443 4071 poenitentiam3
2469 4000 2502 4026 '’
2561 4004 2667 4059 sed

276 4072 493 4131 Graeca
532 4072 705 4128 aliter
744 4082 977 4145 sonant,
1006 4075 1222 4133 dicitur
1263 4083 1501 4133 tantum
1528 4079 1690 4153 quod
1716 4086 1934 4152 μιτιπθη
1967 4074 2248 4151 ὑποδειγμι
2271 4102 2526 4151 pota-amau
2555 4106 2666 4147 ταις

269 4176 473 4225 mnam,
503 4157 573 4207 ut
599 4158 750 4208 esset
778 4159 812 4185 ‘⁸
837 4155 1175 4227 exemplum
1202 4154 1562 4229 poenitentiae
1592 4157 2074 4229 generationibus
2111 4156 2416 4229 posteriS‚”
2446 4164 2516 4215 ut
2553 4161 2668 4221 1100

270 4230 549 4305 exemplo
577 4248 780 4303 sapere
807 4231 1115 4301 discerent,
1143 4240 1203 4288 et
1219 4233 1347 4307 pari
1374 4234 1569 4307 gloria
1594 4233 1950 4292 fruerentur.
2037 4234 2205 4291 Elias
2226 4252 2366 4291 vero
2394 4253 2666 4310 expresse

270 4310 493 4367 dicitur
547 4309 609 4365 in
642 4308 839 4367 coelum
869 4313 1201 4380 translatus,
1245 4312 1282 4366 2
1324 4311 1473 4385 Reg.
1516 4312 1575 4368 ii.
1631 4314 1720 4383 11,
1766 4312 1871 4369 ubi
1925 4311 2284 4370 mortalitate
2327 4322 2525 4387 exuta,
2553 4318 2664 4377 im-

272 4387 697 4446 mortalitatem
728 4390 945 4457 induit,
974 4406 1081 4445 nec
1104 4390 1357 4447 ulterius
1384 4390 1560 4447 morti
1589 4392 1884 4447 obnoxius
1905 4409 2028 4447 esse
2055 4390 2268 4465 potuit,
2299 4400 2368 4451 ut
2394 4396 2490 4451 vel
2533 4400 2663 4457 neci

271 4466 458 4541 possit
498 4468 655 4524 tradi
697 4468 774 4523 ab
816 4467 1207 4538 Anticl1rist0,
1249 4469 1346 4525 vel
1393 4468 1821 4525 resurrectione
1863 4486 2012 4543 opus
2058 4468 2288 4529 habeat.
2372 4471 2436 4529 N
2439 4492 2504 4531 00
2551 4479 2666 4535 hoc

273 4554 673 4602 commentum
706 4552 902 4619 potest
945 4566 1018 4603 ex
1050 4547 1237 4621 Apoc.
1282 4546 1360 4604 xi.
1392 4546 1427 4603 3
1456 4546 1609 4619 elici,
1641 4546 1744 4603 ubi
1771 4546 1996 4605 mentio
2022 4550 2090 4607 fit
2137 4552 2378 4611 duorum
2417 4552 2667 4613 Testium
