3234 5192
527 324 657 387 ⁸48
1100 344 1179 387 ns
1207 342 1690 389 sarisam-rioms
1715 340 1948 385 cunm-1
1979 340 2296 387 vamum
2525 326 2788 410 [meror.
2819 348 2946 391 xxi.

539 494 647 561 est,
676 494 737 547 et
763 506 892 581 quse
918 506 1052 547 cum
1071 488 1304 566 justitia
1332 486 1461 562 Dei,
1498 485 1651 565 legis
1679 486 1980 562 sententia,
2015 485 2237 563 peccati
2263 484 2522 547 foeditate
2549 494 2611 548 et
2637 490 2941 566 gravitate,

540 573 601 626 et
630 566 833 645 figuris
860 569 1318 647 praecedentibus
1346 568 1630 643 congruit.
1705 566 1978 643 Dignitas
2003 586 2264 644 personae
2289 568 2563 644 patientis
2598 576 2790 645 potest
2816 572 2941 648 qui-

538 645 671 707 dem
700 667 914 726 augere
940 669 1127 726 poenae
1154 668 1327 726 quam
1364 648 1581 725 patitur
1616 646 1976 724 dignitatem,
2013 654 2080 705 ιιι
2106 666 2176 707 eo
2203 648 2436 724 gravior
2462 657 2780 724 censeatur,
2825 670 2942 728 quo

540 724 774 804 dignior
794 737 883 788 est
910 738 969 788 et
994 729 1275 789 illustrior
1300 746 1545 806 persona
1570 746 1701 803 quae
1728 726 1959 804 patitur,
1981 745 2098 785 non
2125 735 2317 805 potest
2337 746 2476 785 vero
2503 730 2810 787 essentiam
2838 749 2942 789 seu

541 807 793 885 speciem
820 808 1004 887 ipsam
1025 828 1211 886 poenae
1232 825 1622 899 compensare.
1675 806 1874 865 Aucta
1893 806 2046 865 enim
2073 806 2134 864 in
2159 807 2502 866 immensum
2529 809 2702 867 unius
2730 809 2942 887 speciei

540 896 1169 1037 ffiffiffizzss,
1189 885 2942 1044 z‘zssssm‘t‘sstzssfftssffltmp‘msfeffiffiff133}ss

540 1046 800 1123 qualibet
826 1066 1013 1125 poena‚
1061 1047 1163 1105 sed
1201 1066 1271 1106 ea
1296 1045 1422 1105 sola
1447 1064 1622 1122 quam
1649 1064 1875 1104 eramus
1903 1046 2238 1119 commeriti,
2277 1055 2338 1106 et
2363 1066 2537 1124 quam
2565 1047 2690 1105 Lex
2717 1045 2939 1107 denun-

542 1125 751 1201 ciabat,
784 1136 968 1187 morte
997 1128 1235 1203 scilicet,
1276 1124 1541 1185 satisfieri
1568 1144 1675 1202 pro
1701 1125 1871 1185 nobis
1894 1126 2101 1203 potuit.
2160 1123 2338 1185 Absit
2365 1147 2504 1204 ergo
2531 1135 2598 1187 ιιι
2625 1127 2785 1187 Deus
2813 1148 2944 1187 cru-

540 1204 797 1266 delitatis
822 1216 1125 1284 propterea
1150 1206 1529 1279 insimuletur,
1574 1204 1733 1281 quod
1759 1215 2000 1265 mortem
2027 1206 2410 1283 requisiverit,
2447 1206 2563 1267 imo
2603 1207 2664 1265 in
2697 1208 2942 1285 justitiae

542 1285 820 1347 exercitio
857 1296 947 1347 est
974 1287 1130 1366 quod
1156 1287 1431 1345 miremur
1464 1284 1742 1344 bonitatis
1771 1293 1830 1344 et
1869 1284 2277 1345 misericordiae
2307 1287 2420 1346 Dei
2447 1288 2696 1347 salutare
2724 1296 2940 1365 tempe-

538 1375 881 1441 ramentum,
930 1368 1031 1445 qui
1076 1388 1207 1426 cum
1248 1384 1481 1444 posnam
1523 1364 1726 1423 mortis
1769 1366 2056 1443 propriam
2094 1386 2130 1424 a
2165 1366 2332 1425 nobis
2367 1367 2603 1445 exigere
2639 1367 2940 1445 potuisset,

538 1445 757 1505 vicaria
783 1454 979 1506 tamen
1006 1455 1310 1507 contentus
1336 1446 1463 1506 fuit.
1546 1449 1604 1503 2.
1641 1444 1714 1502 In
1739 1444 1850 1503 hac
1878 1464 2052 1504 causa
2079 1466 2196 1504 non
2223 1454 2312 1505 est
2338 1445 2758 1524 indulgendum
2783 1448 2944 1525 cogi-

538 1526 856 1585 tationibus
883 1527 1113 1603 nostris,
1144 1546 1251 1585 nec
1278 1535 1397 1585 tam
1424 1524 1798 1602 quaerendum
1825 1524 1967 1601 quid
1992 1525 2117 1584 fieri
2143 1526 2410 1603 potuerit,
2447 1546 2622 1604 quam
2649 1527 2792 1605 quid
2817 1527 2942 1587 fieri

538 1600 793 1663 voluerit
821 1606 998 1679 Deus,
1046 1613 1107 1666 et
1146 1606 1285 1683 quid
1314 1606 1503 1683 reipsa
1528 1603 1745 1662 factum
1771 1603 1962 1665 fuerit.
2021 1605 2333 1683 Propterea
2357 1604 2455 1665 hic
2482 1608 2938 1684 componendum

536 1691 629 1742 est
654 1683 949 1743 decretum
972 1685 1085 1744 Dei
1106 1704 1235 1743 cum
1258 1683 1714 1743 consideratione
1742 1684 2038 1761 qualitatis
2063 1704 2322 1762 personae
2341 1686 2572 1761 Christi,
2603 1706 2722 1746 non
2748 1696 2940 1747 autem

532 1780 717 1823 unum
739 1763 812 1822 ab
840 1763 1020 1822 altero
1048 1763 1460 1839 divellendum,
1494 1762 1727 1821 Certum
1755 1771 1844 1822 est
1871 1763 2022 1822 enim
2051 1764 2145 1823 hic
2175 1765 2366 1824 Deum
2393 1766 2648 1825 voluisse
2677 1767 2940 1828 satisfieri

529 1842 775 1921 justitiae
804 1862 939 1918 suae,
987 1863 1103 1901 non
1132 1863 1236 1920 per
1260 1862 1439 1902 unum
1467 1850 1570 1901 aut
1596 1841 1838 1903 alterum
1867 1861 2014 1920 opus
2044 1844 2274 1919 Christi,
2322 1844 2428 1905 sed
2464 1864 2570 1924 per
2604 1846 2772 1924 plura
2803 1867 2938 1907 con-

528 1922 795 2000 junctim,
832 1942 900 1981 ac
928 1922 1267 1982 nominatim
1293 1942 1398 2001 per
1422 1922 1722 2000 passiones
1748 1932 1808 1981 et
1833 1930 2073 1983 mortem
2103 1924 2301 2001 ipsius,
2342 1926 2423 1984 ita
2449 1934 2516 1985 ut
2541 1946 2742 1986 omnes
2769 1928 2942 1987 simul

536 2021 719 2063 unum
758 2002 1029 2081 δικιῖομι,
1070 2013 1131 2064 et
1178 2002 1667 2065 absolutissimam
1709 2001 1950 2063 infinitae
1987 2004 2394 2066 satisfactionis
2419 2005 2698 2066 rationem
2727 2008 2941 2067 consti·

538 2090 722 2144 tuant.

619 2162 810 2225 XIII.
854 2164 1053 2244 Atque
1072 2164 1211 2225 hinc
1236 2172 1397 2244 patet
1422 2184 1597 2243 quam
1612 2184 1834 2224 *anum
1863 2163 1940 2224 sit
1958 2172 2018 2225 et
2043 2163 2253 2227 falsum
2281 2165 2428 2226 illud
2453 2165 2938 2227 Scholasticorum

536 2243 791 2319 effatum,
814 2265 929 2323 quo
949 2246 1299 2323 pertendunt
1324 2246 1553 2304 unicam
1582 2245 1881 2321 sanguinis
1905 2245 2117 2305 Christi
2143 2254 2368 2324 guttam
2397 2247 2656 2310 sufficere
2681 2248 2940 2325 potuisse

536 2322 867 2383 hominibus
904 2324 1271 2393 redimendis,
1310 2332 1377 2383 ιιι
1402 2323 1537 2381 inde
1565 2323 1788 2381 scilicet
1813 2324 2146 2383 thesaurum
2177 2324 2677 2402 Indulgentiarum
2705 2346 2939 2385 suarum

536 2409 823 2475 extruant,
854 2402 914 2459 in
944 2422 1117 2478 quem
1142 2402 1421 2479 reliquam
1450 2401 1751 2476 sanguinis
1779 2401 2001 2477 copiam
2043 2404 2352 2479 repositam
2391 2422 2520 2463 esse
2561 2405 2936 2481 contendunt,

534 2488 596 2539 et
628 2498 734 2557 per
760 2480 997 2538 Petrum
1025 2481 1263 2557 ejusque
1292 2496 1656 2539 successores
1687 2478 2006 2555 dispensari
2033 2499 2137 2556 pro
2163 2480 2392 2557 partiali
2419 2482 2516 2539 vel
2543 2482 2710 2541 totali
2733 2485 2934 2543 remis-

418 2624 427 2643 ι
535 2558 696 2619 sione
736 2567 1121 2635 peccatorum.
1192 2558 1341 2616 Nam
1368 2577 1500 2617 cum
1530 2556 1702 2618 toties
1727 2564 1972 2616 testetur
2002 2558 2298 2637 Scriptura
2321 2568 2564 2618 mortem
2593 2560 2804 2619 Christi
2833 2580 2934 2621 ne-

534 2638 841 2698 cessariam
858 2637 1053 2713 fuisse,
1077 2645 1203 2699 tum
1222 2646 1455 2717 propter
1468 2636 1756 2715 justitiam
1781 2635 1893 2695 Dei
1919 2636 2352 2713 immutabilem,
2385 2638 2554 2697 Rom.
2581 2639 2621 2696 i.
2651 2641 2746 2713 32,
2771 2647 2832 2699 et
2850 2639 2932 2699 vi.

535 2720 634 2793 23,
656 2726 779 2778 tum
805 2727 1039 2797 propter
1058 2717 1419 2777 infallibilem
1447 2718 1575 2795 ejus
1600 2716 1923 2793 veritatem,
1949 2717 2098 2778 Gen.
2127 2718 2187 2778 ii.
2221 2721 2314 2794 1⁷,
2347 2718 2559 2777 Ezech.
2587 2718 2772 2794 xviii„
2801 2720 2936 2797 quis

534 2798 727 2858 minus
756 2800 1097 2877 supplicium
1128 2798 1385 2859 sufficere
1404 2797 1664 2876 potuisse
1684 2796 2032 2857 crediderit?
2056 2798 2173 2858 nisi
2189 2799 2437 2858 velimus
2456 2798 2644 2857 Deum
2666 2818 2938 2860 accusare

536 2878 693 2956 quod
718 2878 959 2939 nimium
989 2900 1024 2939 a
1049 2880 1169 2939 filio
1200 2900 1305 2939 suo
1332 2878 1610 2956 exegerit,
1641 2877 1802 2954 quod
1825 2877 2064 2955 impium
2093 2886 2183 2939 est
2206 2879 2306 2938 vel
2333 2878 2607 2956 cogitare.
2662 2878 2936 2956 ‘Aspuna-

534 2966 702 3037 xvc-ta
727 2980 867 3021 vero
894 2960 997 3019 illa
1023 2960 1096 3020 de
1124 2980 1240 3037 qua
1268 2958 1476 3037 Apost.
1504 2958 1778 3036 loquitur,
1809 2956 1964 3017 Heb.
1992 2959 2075 3019 ix.
2104 2964 2201 3035 22,
2231 2979 2347 3017 non
2375 2959 2711 3036 simpliciter
2738 2960 2936 3038 quam-

534 3040 682 3100 libet
725 3060 827 3099 san
912 3040 1024 3099 inis
1066 3038 1403 3099 effusionem
1448 3046 1631 3113 notat,
1683 3036 1787 3097 sed
1822 3057 1950 3115 quae
1987 3048 2229 3099 mortem
2267 3058 2462 3098 secum
2499 3039 2706 3116 nabat,
2748 3040 2938 3117 qualis

534 3120 747 3257 gmtAin
775 3140 807 3179 e
894 3120 1053 3179 sione
1080 3118 1379 3198 sanguinis
1405 3118 1694 3197 pecudum
1723 3117 1830 3177 sub
1859 3117 1995 3179 Vet.
2024 3120 2201 3196 Test.,
2245 3119 2321 3178 ad
2347 3138 2520 3196 quam
2547 3118 2762 3179 ibidem
2790 3120 2937 3179 allu-

576 3198 623 3257 it
750 3207 859 3259 ost.

618 3218 800 3335 Xllis.
860 3282 941 3335 2⁶.
994 3278 1220 3356 Excip.,
1270 3276 1630 3355 Dignitatem
1677 3296 1936 3354 personae
1983 3278 2129 3337 nihil
2169 3278 2426 3338 conferre
2474 3279 2549 3338 ad
2591 3278 2933 3352 infinitatem

630 3376 719 3414 nae
736 3356 873 3433 quia
888 3357 1051 3415 nulla
1078 3358 1155 3418 sit
1182 3358 1336 3435 apud
1366 3358 1555 3415 Deum
1581 3376 1954 3434 personarum
1981 3358 2258 3436 acceptiO,
2292 3358 2460 3417 Rom.
2489 3359 2548 3418 ii.
2575 3363 2668 3433 11,
2699 3360 2856 3437 quod
2882 3360 2934 3418 si

578 3456 647 3494 oc
673 3434 912 3512 obtinet,
956 3455 1087 3495 cum
1132 3437 1262 3515 ejus
1302 3435 1712 3495 misericordiae
1752 3435 1916 3495 locus
1956 3437 2316 3516 relinquitur,
2362 3438 2505 3515 quid
2537 3438 2769 3499 tandem
2805 3440 2932 3515 erit,

534 3535 669 3576 cum
708 3515 783 3575 de
822 3536 995 3594 poena
1034 3514 1344 3594 irroganda
1382 3535 1459 3573 ex
1487 3514 1720 3592 justitia
1757 3534 1860 3575 seu
1899 3516 2093 3593 potius
2131 3518 2458 3578 severitatis
2489 3518 2934 3579 absolutissimae

530 3595 869 3675 praescripto
895 3596 1131 3674 agitur?
1161 3594 1349 3655 Addit
1368 3594 1612 3654 Socinus
1632 3593 1804 3654 valde
1832 3604 2162 3673 suspectum
2190 3618 2316 3657 esse
2343 3598 2503 3675 quod
2527 3618 2632 3677 pro
2659 3618 2933 3658 concesso

533 3676 779 3735 sumitur
801 3676 1085 3753 Principis
1105 3676 1217 3734 viri
1238 3676 1423 3735 levem
1446 3694 1676 3753 poenam
1697 3674 1956 3752 ejusdem
1983 3676 2154 3753 pretii
2179 3696 2305 3736 esse
2333 3678 2502 3755 cujus
2529 3679 2932 3756 gravissimam

532 3756 783 3815 hominis
809 3756 1039 3835 plebeii,
1070 3754 1186 3815 imo
1214 3775 1275 3814 se
1304 3753 1535 3815 credere
1564 3754 1838 3832 injustam
1865 3774 1992 3815 esse
2019 3774 2146 3815 eam
2170 3756 2387 3833 Legem
2415 3776 2544 3835 quae
2571 3758 2726 3817 idem
2753 3758 2930 3818 delic-

532 3843 659 3895 tum
685 3837 748 3894 in
776 3837 905 3895 viro
932 3836 1189 3914 principe
1215 3835 1425 3896 leviter
1452 3834 1633 3911 punit,
1665 3834 1724 3892 in
1750 3834 1978 3911 plebeio
2005 3844 2198 3895 autem
2227 3837 2586 3913 gravissime.
2644 3838 2840 3916 Resp.,
2876 3842 2930 3897 1.

536 3916 685 3995 Neg.
716 3936 945 3994 conseq.
986 3915 1115 3975 Etsi
1142 3934 1259 3974 non
1287 3913 1457 3973 datur
1483 3932 1852 3992 personarum
1881 3915 2139 3993 acceptio
2166 3916 2321 3993 apud
2349 3918 2557 3993 Deum,
2593 3937 2712 3977 non
2739 3918 2930 3996 sequi·

530 4004 629 4057 tur
660 3996 957 4074 passiones
994 3995 1208 4055 Christi
1234 3994 1491 4054 valorem
1531 3994 1818 4054 infinitum
1859 4014 1976 4053 non
2015 3995 2229 4055 habere
2265 4016 2301 4054 a
2339 3996 2622 4074 dignitate
2651 4017 2928 4075 personae,

533 4076 673 4154 quia
712 4076 828 4137 alia
865 4076 1036 4153 plane
1078 4082 1169 4135 est
1206 4072 1607 4156 ηοσ-υπολιψία
1648 4093 1821 4151 quam
1853 4074 2014 4135 Deus
2051 4095 2088 4134 a
2129 4094 2190 4135 se
2225 4084 2502 4149 removet,
2532 4077 2648 4136 alia
2673 4096 2931 4155 persona

532 4156 699 4227 Λὸγου
728 4155 1111 4216 consideratio
1160 4156 1220 4214 in
1269 4154 1648 4214 aestimatione
1684 4153 1937 4231 juridica
1975 4154 2403 4217 satisfactionis.
2475 4156 2624 4216 Nam
2664 4166 2931 4235 respectu

530 4238 739 4330 prioris
765 4235 1021 4317 reio-amn
1047 4254 1164 4295 non
1194 4233 1483 4313 significat
1522 4236 1785 4310 olffoetum
1826 4234 2016 4312 ipsum
2057 4246 2310 4297 amatum
2347 4236 2444 4295 vel
2483 4237 2782 4315 rejectum,
2827 4256 2932 4297 seu

531 4335 721 4394 ipsum
768 4316 1077 4391 hominem,
1127 4334 1299 4393 quem
1344 4334 1649 4393 personam
1685 4313 1947 4390 dicimus,
1987 4315 2093 4374 sed
2135 4325 2296 4377 notat
2337 4318 2596 4377 motivum
2643 4336 2748 4377 seu
2789 4336 2930 4393 qua·

532 4396 743 4453 litatem
778 4396 1030 4474 aliquam
1074 4404 1371 4455 externam
1416 4404 1651 4473 propter
1691 4413 1866 4471 quam
1909 4394 2249 4457 adducimur
2291 4396 2366 4457 ad
2408 4394 2556 4455 illud
2598 4396 2930 4474 eligendum

528 4474 628 4531 vel
654 4475 1077 4552 respuendum;
1116 4476 1255 4553 quia
1288 4494 1430 4535 vero
1466 4476 1666 4535 vultus
1702 4474 1952 4535 hominis
1993 4475 2056 4533 in
2099 4495 2168 4536 eo
2195 4478 2444 4536 maxime
2477 4476 2720 4536 illustris
2755 4484 2846 4535 est
2869 4486 2932 4535 et

530 4551 891 4629 conspicuus,
930 4556 1031 4631 qui
1070 4554 1319 4632 primum
1361 4555 1615 4614 omnium
1659 4555 1720 4613 in
1748 4556 1947 4615 oculos
1973 4554 2319 4615 intuentium
2347 4556 2602 4630 incurrit,
2623 4554 2754 4615 ideo
2775 4555 2929 4637 πρέσ-

530 4656 657 4690 enm
685 4630 911 4708 dicitur,
939 4642 1008 4694 ut
1032 4652 1110 4693 ex
1136 4633 1387 4710 eleganti
1427 4634 1529 4691 illa
1560 4634 1910 4695 Nazianzeni
1939 4634 2220 4694 allusione
2248 4635 2446 4696 videre
2472 4644 2564 4696 est
2589 4636 2650 4695 in
2678 4638 2930 4695 carmine
