3234 5192
488 343 600 401 142
1274 358 1351 399 ns
1381 356 1748 398 NECESSARIA
1778 356 2126 397 sncsssroxa
2523 338 2786 419 [meror.
2817 362 2899 402 vr.

477 500 599 559 fieri
628 500 842 577 nequit,
874 500 1066 577 potius
1094 518 1265 577 quam
1296 507 1359 557 ut
1388 498 1541 557 sinat
1583 516 1725 555 oves
1768 496 1982 556 Christi
2009 497 2272 574 palantes
2301 498 2427 557 sine
2468 501 2798 575 pastoribus
2839 513 2899 562 et

477 581 1033 719 anIXXIItlll-lulhd
1056 665 1318 736 quartam
1340 657 1413 717 de
1424 658 1691 734 patr-thas
1718 665 1848 715 ante
1885 658 2388 733 &fit-mationem,
2432 678 2582 736 resp.
2618 663 2670 718 1.
2715 660 2890 739 Legi·-

473 739 599 815 buS,
646 760 763 799 non
804 740 1087 817 exemplis
1114 737 1429 796 vivendum
1472 757 1636 812 esse;
1681 756 1788 795 nec
1815 745 1934 795 tam
1962 756 2069 795 nos
2097 756 2224 796 esse
2254 738 2463 797 debere
2505 739 2787 800 sollicitos
2817 742 2890 801 de

472 840 558 895 ec,
591 820 748 897 quod
776 828 909 879 ante
938 838 1045 879 nos
1072 818 1392 896 praestitum
1422 824 1527 891 est,
1559 836 1733 894 quam
1773 816 1846 875 de
1867 836 1937 875 eo
1955 817 2113 893 quod
2139 818 2402 894 praestari
2433 819 2628 897 reipsa
2663 820 2885 882 debuit.

470 900 678 977 Itaque
708 900 758 958 si
784 909 977 977 patres
1015 906 1367 976 peccassent,
1394 897 1489 955 vel
1512 897 1750 956 humani
1767 896 1910 973 quid
1927 906 2120 955 essent
2137 898 2310 974 passi,
2328 898 2630 974 Babylone
2649 920 2884 961 manen-

468 978 562 1054 do,
606 999 723 1037 non
763 979 958 1039 statim
1000 998 1100 1037 eos
1120 976 1285 1055 sequi
1312 984 1655 1050 teneremur,
1678 976 1726 1035 si
1749 976 1960 1035 clarius
1999 976 2071 1035 de
2101 976 2400 1036 voluntate
2424 978 2539 1037 Dei
2565 979 2736 1039 nobis
2757 982 2885 1059 jam

468 1067 712 1118 constet.
770 1063 825 1117 2.
859 1058 999 1117 Alia
1026 1058 1135 1117 fuit
1162 1067 1391 1135 patrum
1418 1056 1692 1130 conditi0,
1723 1057 1840 1115 alia
1867 1065 2079 1133 nostra,
2109 1064 2176 1115 ut
2203 1057 2363 1116 aliud
2403 1066 2494 1117 est
2521 1062 2879 1138 captivitate,

465 1138 627 1198 aliud
674 1139 943 1198 libertatis
980 1147 1225 1215 tempus.
1310 1136 1613 1214 Babylone
1658 1137 1782 1195 sine
1823 1136 2058 1195 crimine
2101 1146 2436 1197 manserunt
2476 1138 2519 1198 J
2523 1139 2693 1210 udaei,
2737 1162 2880 1201 non·

464 1218 604 1277 dum
652 1218 842 1279 soluta
889 1219 1242 1297 captivitate,
1285 1224 1347 1275 at
1387 1218 1555 1294 gravi
1596 1226 1759 1277 reatu
1800 1236 1862 1275 se
1891 1216 2327 1277 obstrinxerunt
2365 1218 2426 1293 ii,
2470 1218 2573 1296 qui
2609 1238 2736 1280 sese
2766 1222 2879 1281 fra-

462 1299 648 1359 tribus
675 1319 793 1359 non
840 1300 1247 1377 adjunxerunt,
1294 1317 1426 1356 cum
1478 1298 1642 1357 Deus
1689 1317 1790 1357 eos
1819 1296 1892 1355 ab
1922 1298 2029 1356 hac
2075 1298 2356 1357 servitute
2383 1300 2636 1359 vocavit.
2723 1302 2878 1362 Dum

461 1380 816 1457 captivitatis
858 1380 1105 1440 durabat
1144 1388 1388 1455 tempuS,
1431 1377 1599 1437 licuit
1646 1397 1775 1437 esse
1817 1377 2131 1455 captivum,
2177 1376 2282 1436 sed
2343 1388 2652 1457 postquam
2717 1382 2880 1443 Deus

460 1457 787 1519 libertatem
816 1460 1040 1520 coelesti
1067 1478 1212 1518 voce
1234 1458 1645 1537 promulgavit,
1693 1478 1812 1517 non
1855 1458 2108 1533 captivus
2137 1457 2241 1516 sed
2277 1478 2470 1518 servus
2497 1470 2588 1520 est
2614 1462 2714 1539 qui
2757 1482 2877 1522 ma-

458 1558 595 1598 nere
624 1542 843 1600 statuit.
906 1541 1029 1599 Nec
1056 1540 1195 1599 licet
1216 1558 1435 1597 moram
1463 1546 1710 1614 nectere,
1737 1538 1972 1615 Angelo
2000 1546 2311 1615 praeeunte,
2343 1547 2402 1598 et
2445 1548 2686 1601 sonante
2715 1542 2874 1619 tuba,

455 1618 570 1677 nisi
596 1620 804 1680 misere
830 1620 1017 1697 perire
1045 1620 1349 1693 malumus,
1379 1638 1554 1695 quam
1582 1626 1805 1677 mature
1827 1618 2150 1677 imminenti
2177 1618 2358 1677 exitio
2386 1638 2494 1678 nos
2535 1621 2874 1683 subducere.

458 1698 779 1758 Potuerunt
823 1719 961 1777 ergo
989 1708 1199 1777 patres,
1231 1718 1377 1774 quos
1408 1697 1519 1756 sibi
1564 1698 1728 1756 Deus
1778 1698 2082 1774 Babylone
2133 1698 2417 1774 servabat,
2477 1700 2810 1761 secedentes
2839 1724 2875 1761 a

458 1778 884 1855 superstitione,
916 1798 1034 1837 non
1076 1776 1343 1837 secedere
1372 1786 1566 1836 tamen
1588 1798 1624 1835 a
1653 1778 2085 1855 superstitiosis,
2116 1778 2256 1855 quia
2275 1779 2530 1838 nondum
2561 1780 2872 1842 videbatur

456 1858 766 1935 captivitas
812 1858 1019 1918 soluta.
1102 1856 1365 1917 Necdum
1409 1857 1696 1917 Dominus
1725 1857 1978 1917 exeundi
2019 1859 2301 1917 rationem
2330 1860 2472 1937 ipsis
2499 1860 2864 1938 patefecerat,

453 1938 551 1996 vel
597 1938 791 1997 locum
836 1958 952 2015 quo
998 1959 1060 1998 se
1082 1938 1400 2016 reciperent
1444 1947 1888 2016 praeparaverat.
1954 1938 2072 1999 Sed
2101 1958 2177 1997 ex
2205 1958 2321 2015 quo
2349 1940 2684 2000 novissimis
2711 1943 2872 2002 hisce

452 2019 808 2095 temporibus
852 2020 1138 2078 Dominus
1178 2016 1467 2095 evangelii
1509 2018 1599 2077 sui
1643 2018 1872 2096 signum
1917 2018 2144 2094 extulit,
2196 2028 2256 2078 et
2303 2019 2422 2079 alta
2461 2040 2605 2079 voce
2645 2024 2869 2099 procla·

450 2100 596 2156 mari
616 2100 812 2177 jussit,
844 2100 1021 2159 Exite
1048 2100 1357 2175 Babylone,
1378 2100 1596 2175 popule
1625 2100 1741 2175 mi3
1785 2118 1861 2158 ex
1903 2118 2020 2176 quo
2049 2098 2206 2159 viam
2237 2108 2408 2159 antea
2436 2100 2692 2159 clausam
2731 2122 2868 2180 ape·

451 2180 584 2255 ruit,
617 2190 675 2239 et
704 2180 1111 2258 complanavit,
1157 2178 1232 2238 ad
1275 2178 1507 2255 signum
1547 2178 1661 2239 hoc
1687 2198 1806 2237 non
1849 2198 2163 2254 accurrere,
2194 2179 2330 2239 huic
2381 2181 2708 2240 invitationi
2749 2202 2868 2242 non

450 2260 864 2338 obtemperare,
892 2261 1195 2338 Babylone
1211 2258 1682 2335 Hierosolymam
1705 2278 1822 2317 non
1845 2258 2173 2335 ascendere,
2194 2260 2435 2318 rebellio
2456 2270 2544 2319 est
2572 2262 2632 2319 in
2655 2262 2867 2341 Deum,

447 2346 506 2399 et
544 2340 883 2400 manifestus
913 2341 1113 2417 gratiss
1144 2340 1375 2397 Divinae
1404 2348 1770 2416 contemptus
1788 2360 1803 2415 ς
1848 2338 1986 2415 quia
2031 2358 2148 2397 non
2188 2339 2421 2414 invitos,
2471 2341 2574 2400 sed
2601 2362 2734 2401 cum
2763 2362 2864 2403 vo-

446 2418 667 2497 luptate
714 2420 1019 2497 Babylone
1062 2440 1233 2497 agere
1276 2436 1338 2477 se
1382 2426 1683 2494 testantur,
1729 2419 1830 2495 qui
1857 2418 1992 2477 inde
2020 2438 2137 2477 non
2160 2418 2483 2495 discedunt,
2514 2430 2574 2481 et
2600 2442 2712 2481 non
2745 2444 2864 2481 am-

446 2500 601 2577 plius
644 2501 862 2578 captivi
904 2508 1055 2575 sunt,
1103 2499 1206 2559 sed
1264 2499 1553 2575 mancipia
1596 2498 1936 2576 Babylonis,
1981 2498 2083 2575 qui
2124 2500 2582 2560 communionem
2621 2522 2750 2561 eum
2797 2524 2868 2563 ea

449 2580 666 2639 colunt.

528 2660 849 2718 XXXIV.
894 2662 951 2719 3.
998 2659 1069 2717 In
1092 2680 1161 2718 eo
1190 2658 1363 2717 etiam
1393 2657 1587 2717 differt
1627 2657 1883 2717 conditio
1911 2667 2109 2718 nostra
2137 2678 2172 2717 a
2193 2659 2520 2719 conditione
2557 2662 2860 2740 majorum,

445 2740 602 2818 quod
666 2748 853 2815 antea,
900 2740 1037 2799 licet
1086 2758 1296 2817 graves
1340 2748 1535 2798 essent
1598 2758 1837 2815 errores,
1883 2747 1942 2798 et
1981 2738 2213 2815 abusus,
2264 2740 2360 2799 vel
2401 2742 2659 2800 nondum
2701 2755 2865 2804 erant

444 2820 742 2899 capitales,
773 2830 831 2881 et
858 2820 1155 2895 mortiferi,
1210 2819 1305 2878 vel
1354 2818 1611 2878 nondum
1643 2819 1704 2877 in
1731 2819 1893 2897 leges
1935 2819 2213 2895 abierant,
2255 2827 2313 2878 et
2341 2820 2448 2879 sub
2478 2824 2860 2883 anathematis

442 2920 616 2979 poena
643 2911 807 2961 erant
836 2902 1059 2977 sanciti,
1085 2902 1167 2959 ita
1194 2907 1259 2959 ut
1288 2907 1634 2978 cogerentur
1659 2908 1946 2977 quotquot
1986 2898 2203 2958 ibidem
2231 2901 2542 2961 manebant
2562 2921 2661 2961 eos
2687 2905 2857 2980 profi-

444 2983 551 3041 teri
576 3004 590 3058 ;
662 2990 928 3059 poterant
973 3002 1112 3059 ergo
1168 3000 1272 3059 per
1326 2980 1710 3041 secessionem
1765 2980 2100 3058 negativam
2157 2980 2442 3039 immunes
2497 3001 2558 3041 se
2614 2983 2688 3041 ab
2743 2983 2862 3042 illis

440 3072 733 3139 praestare,
766 3071 824 3122 et
866 3062 925 3120 in
968 3062 1181 3140 pabulo
1210 3061 1370 3139 quod
1408 3062 1527 3121 illis
1576 3062 2022 3139 proponebatur,
2054 3079 2342 3119 venenum
2385 3081 2421 3120 a
2463 3062 2700 3122 salutari
2728 3064 2860 3123 cibo

442 3161 755 3199 secernere.
842 3141 959 3201 Sed
1007 3162 1083 3199 ex
1127 3160 1242 3217 quo
1298 3160 1519 3200 errores
1568 3140 1800 3201 fuerunt
1845 3141 1907 3199 in
1945 3166 2104 3222 ακμῃ,
2148 3160 2264 3199 non
2287 3140 2458 3200 modo
2489 3162 2717 3219 graves,
2759 3145 2862 3203 sed

440 3220 705 3293 lethales,
736 3220 1057 3296 contagiosi
1113 3229 1172 3279 et
1212 3220 1705 3296 immedicabiles3
1751 3242 1826 3279 ex
1867 3240 1983 3297 quo
2028 3221 2089 3279 in
2131 3221 2293 3299 leges
2347 3222 2629 3297 abierunt,
2661 3234 2722 3283 et
2749 3225 2859 3283 sub

444 3298 829 3357 anathematis
884 3318 1057 3375 poena
1084 3308 1221 3357 sunt
1248 3300 1471 3374 sanciti,
1501 3300 1662 3378 quod
1688 3299 1902 3359 factum
1933 3300 2042 3359 fuit
2069 3300 2434 3377 potissimum
2463 3302 2524 3359 in
2553 3303 2858 3363 Conventn

443 3376 821 3452 Tridentino;
876 3378 1025 3454 quis,
1080 3377 1243 3435 salva
1298 3378 1668 3454 conscientia,
1698 3386 1832 3456 post
1859 3380 2150 3457 cognitam
2179 3382 2501 3459 veritatem,
2531 3382 2612 3441 ibi
2640 3384 2857 3444 haerere

440 3464 657 3536 posset,
714 3476 845 3514 cum
874 3476 1041 3516 nemo
1090 3456 1215 3515 sine
1256 3457 1599 3517 idololatriae
1647 3458 1884 3518 crimine
1935 3460 2112 3518 sacris
2167 3461 2293 3537 ejus
2336 3462 2612 3523 interesse
2641 3468 2862 3541 queat?

439 3536 497 3595 4.
526 3536 691 3595 Licet
730 3556 845 3595 non
874 3536 1221 3612 dubitemus,
1241 3546 1527 3615 quotquot
1552 3558 1628 3598 ex
1656 3538 1871 3617 populo
1894 3539 2006 3597 Dei
2029 3540 2331 3616 Babylone
2360 3553 2694 3604 manserunt
2725 3554 2859 3605 ante

443 3618 951 3693 Reformationem,
1000 3624 1262 3677 servatos
1283 3637 1410 3677 esse
1438 3638 1541 3695 per
1570 3619 1685 3677 Dei
1705 3618 2174 3695 misericordiam,
2219 3641 2335 3681 non
2365 3623 2624 3700 sequitur
2664 3633 2856 3685 tamen

438 3708 745 3777 propterea
770 3698 939 3757 nobis
970 3698 1218 3757 liberum
1262 3716 1390 3756 esse
1430 3705 1491 3757 et
1531 3698 1838 3776 integrum,
1897 3697 2070 3758 hodie
2111 3700 2172 3757 in
2199 3709 2363 3761 tanta
2389 3705 2678 3781 evangelii
2706 3704 2854 3779 luce,

438 3780 540 3838 ubi
570 3779 740 3838 datur
766 3778 953 3837 facilis
974 3786 1033 3837 et
1058 3777 1292 3856 publica
1322 3777 1512 3836 Deum
1538 3798 1682 3856 pure
1711 3778 1938 3839 colendi
1965 3780 2131 3854 ratio,
2183 3780 2394 3841 ibidem
2447 3784 2676 3860 morari,
2721 3786 2860 3862 quia

438 3878 555 3919 non
574 3858 887 3919 tentandus
902 3868 992 3919 est
1022 3859 1199 3934 Deus,
1229 3858 1326 3917 vel
1355 3858 1678 3935 spernenda
1704 3877 1877 3937 quam
1905 3858 2074 3917 nobis
2101 3858 2268 3920 offert
2290 3862 2494 3938 gratia.
2579 3863 2860 3939 Quamvis

437 3960 578 4019 ergo
606 3940 872 3999 nonnulli
898 3939 1117 3999 servari
1143 3938 1435 4017 potuerint
1473 3938 1535 3997 in
1578 3938 1682 3998 illa
1708 3938 2126 4015 communione,
2157 3948 2218 3999 et
2243 3940 2432 4017 reipsa
2475 3945 2690 4003 servati
2719 3944 2853 4021 sint,

439 4021 542 4079 sed
572 4040 725 4098 aegre
748 4027 807 4080 et
834 4020 1017 4079 veluti
1038 4038 1141 4099 per
1168 4017 1524 4094 miraculum,
1555 4018 1617 4077 in
1641 4028 1802 4078 tanta
1831 4028 1892 4079 et
1917 4028 2034 4079 tam
2077 4021 2344 4097 gravium
2373 4042 2630 4081 errorum
2659 4026 2851 4083 multi-

435 4100 637 4159 tudine
661 4124 675 4179 ;
746 4120 1045 4180 perperam
1093 4098 1230 4159 inde
1256 4098 1552 4176 colligitur
1600 4100 1815 4159 ibidem
1863 4100 1990 4177 pios
2029 4118 2201 4177 posse
2256 4109 2317 4160 et
2369 4102 2580 4161 debere
2629 4123 2858 4183 semper

436 4200 668 4241 manere
711 4181 833 4241 sine
864 4182 1068 4241 salutis
1094 4179 1370 4259 periculo,
1402 4188 1461 4239 et
1487 4198 1605 4238 non
1634 4179 2003 4256 quaerendam
2031 4198 2160 4239 esse
2187 4180 2360 4239 aliam
2389 4184 2852 4245 communionem

434 4262 741 4337 puriorem,
762 4262 823 4319 in
840 4282 957 4340 qna
982 4281 1100 4321 non
1126 4260 1301 4319 modo
1330 4260 1487 4320 salus
1508 4260 1758 4320 obtineri
1785 4260 2096 4337 aliquando
2113 4261 2298 4339 possit
2325 4262 2387 4322 in
2407 4262 2580 4322 sertis
2601 4264 2850 4341 casibus,

436 4340 541 4398 sed
568 4340 667 4399 ubi
696 4341 795 4400 via
823 4342 1027 4403 salutis
1056 4350 1213 4402 certa
1234 4341 1311 4400 sit
1337 4349 1397 4400 et
1423 4340 1762 4416 infallibilis,
1784 4340 1956 4399 modo
1983 4340 2121 4400 fidei
2148 4342 2386 4419 puritati
2407 4343 2548 4401 vitae
2575 4345 2854 4405 sanctitas

434 4417 797 4495 respondeat.
886 4422 981 4481 Sic
1010 4422 1278 4500 quamvis
1299 4421 1402 4497 illi,
1434 4422 1537 4499 qui
1564 4421 1626 4480 in
1655 4428 1786 4481 aere
1815 4421 2169 4499 contagiose,
2201 4430 2260 4482 et
2286 4424 2446 4497 urbe,
2477 4421 2538 4481 in
2580 4442 2697 4499 qua
2723 4444 2852 4502 pes·

436 4497 513 4557 tis
541 4508 853 4575 grassatur,
883 4510 1134 4577 manent,
1165 4502 1304 4579 quia
1343 4502 1505 4561 nulla
1545 4501 1664 4561 illis
1705 4501 1781 4561 ad
1823 4500 2248 4562 secendendum
2277 4503 2374 4561 via
2401 4510 2576 4579 patet,
2609 4514 2854 4580 possunt

434 4586 627 4638 tamen
650 4594 685 4635 a
706 4579 974 4657 contagio
993 4582 1373 4718 praeservat&
1416 4602 1534 4641 non
1561 4582 1695 4641 ideo
1723 4583 1984 4661 sequitur
2009 4582 2295 4655 omnibus,
2325 4582 2496 4641 etiam
2527 4582 2617 4656 iis,
2642 4585 2856 4660 quibus

435 4659 595 4719 exire
623 4658 759 4718 inde
786 4657 940 4735 licet,
972 4659 989 4716 i
1032 4660 1185 4718 idem
1214 4660 1579 4738 manendum,
1612 4663 1729 4721 imo
1753 4663 2092 4723 temeritatis
2121 4670 2178 4721 et
2207 4661 2463 4737 insaniae,
2495 4661 2646 4722 addo
2677 4665 2850 4723 ctiam
