<?xml version="1.0" encoding="UTF-8"?>
<!DOCTYPE html PUBLIC "-//W3C//DTD XHTML 1.0 Transitional//EN"
    "http://www.w3.org/TR/xhtml1/DTD/xhtml1-transitional.dtd">
<html xmlns="http://www.w3.org/1999/xhtml" xml:lang="en" lang="en">
 <head>
  <title>
</title>
<meta http-equiv="Content-Type" content="text/html;charset=utf-8" />
  <meta name='ocr-system' content='tesseract 3.04.00' />
  <meta name='ocr-capabilities' content='ocr_page ocr_carea ocr_par ocr_line ocrx_word'/>
</head>
<body>
  <div class='ocr_page' id='page_1' title='image "./denecessariasec00turrgoog_0330.png"; bbox 0 0 3234 5192; ppageno 0'>
   <div class='ocr_carea' id='block_1_1' title="bbox 486 311 2912 385">
    <p class='ocr_par' dir='ltr' id='par_1_1' title="bbox 486 311 2912 385">
     <span class='ocr_line' id='line_1_1' title="bbox 486 311 2912 385; baseline 0 -15"><span class='ocrx_word' id='word_1_1' title='bbox 486 311 604 371; x_wconf 75' lang='lat'><strong>284</strong></span> <span class='ocrx_word' id='word_1_2' title='bbox 1171 326 1250 368; x_wconf 78' lang='lat' dir='ltr'><strong>ns</strong></span> <span class='ocrx_word' id='word_1_3' title='bbox 1285 326 1570 369; x_wconf 74' lang='lat' dir='ltr'><strong>aosonmr</strong></span> <span class='ocrx_word' id='word_1_4' title='bbox 1597 326 1845 369; x_wconf 68' lang='lat' dir='ltr'><strong>orsam:</strong></span> <span class='ocrx_word' id='word_1_5' title='bbox 1866 326 2285 368; x_wconf 60' lang='lat' dir='ltr'><strong>necessus-rr..</strong></span> <span class='ocrx_word' id='word_1_6' title='bbox 2538 316 2797 385; x_wconf 63' lang='lat' dir='ltr'><strong>[martir.</strong></span> <span class='ocrx_word' id='word_1_7' title='bbox 2826 330 2912 371; x_wconf 75' lang='lat' dir='ltr'><strong>xv.</strong></span> 
     </span>
    </p>
   </div>
   <div class='ocr_carea' id='block_1_2' title="bbox 466 468 2908 4718">
    <p class='ocr_par' dir='ltr' id='par_1_2' title="bbox 466 468 2908 1652">
     <span class='ocr_line' id='line_1_2' title="bbox 483 468 2908 548; baseline -0.001 -16"><span class='ocrx_word' id='word_1_8' title='bbox 483 470 529 531; x_wconf 86' lang='lat' dir='ltr'>J</span> <span class='ocrx_word' id='word_1_9' title='bbox 531 490 600 531; x_wconf 88' lang='lat' dir='ltr'><strong>us</strong></span> <span class='ocrx_word' id='word_1_10' title='bbox 627 470 703 529; x_wconf 81' lang='lat' dir='ltr'><strong>ad</strong></span> <span class='ocrx_word' id='word_1_11' title='bbox 733 470 1002 548; x_wconf 83' lang='lat' dir='ltr'><strong>Regnum</strong></span> <span class='ocrx_word' id='word_1_12' title='bbox 1030 468 1272 530; x_wconf 81' lang='lat' dir='ltr'><strong>coeleste&#39;</strong></span> <span class='ocrx_word' id='word_1_13' title='bbox 1295 471 1474 530; x_wconf 91' lang='lat' dir='ltr'><strong>semel</strong></span> <span class='ocrx_word' id='word_1_14' title='bbox 1503 469 1777 530; x_wconf 88' lang='lat' dir='ltr'><strong>collatum</strong></span> <span class='ocrx_word' id='word_1_15' title='bbox 1804 488 2094 545; x_wconf 80' lang='lat' dir='ltr'><strong>revocare,</strong></span> <span class='ocrx_word' id='word_1_16' title='bbox 2126 477 2187 529; x_wconf 88' lang='lat' dir='ltr'><strong>et</strong></span> <span class='ocrx_word' id='word_1_17' title='bbox 2231 468 2579 545; x_wconf 76' lang='lat' dir='ltr'>rescindere,</span> <span class='ocrx_word' id='word_1_18' title='bbox 2611 469 2763 546; x_wconf 86' lang='lat' dir='ltr'><strong>Quia</strong></span> <span class='ocrx_word' id='word_1_19' title='bbox 2788 489 2908 529; x_wconf 90' lang='lat' dir='ltr'><strong>non</strong></span> 
     </span>
     <span class='ocr_line' id='line_1_3' title="bbox 477 550 2907 629; baseline -0 -19"><span class='ocrx_word' id='word_1_20' title='bbox 477 551 802 610; x_wconf 77' lang='lat' dir='ltr'><strong>actionibus</strong></span> <span class='ocrx_word' id='word_1_21' title='bbox 849 551 1080 625; x_wconf 86' lang='lat' dir='ltr'><strong>nostris,</strong></span> <span class='ocrx_word' id='word_1_22' title='bbox 1111 550 1216 609; x_wconf 90' lang='lat' dir='ltr'><strong>sed</strong></span> <span class='ocrx_word' id='word_1_23' title='bbox 1259 552 1512 629; x_wconf 89' lang='lat' dir='ltr'><strong>gratuita</strong></span> <span class='ocrx_word' id='word_1_24' title='bbox 1563 550 1756 609; x_wconf 89' lang='lat' dir='ltr'><strong>Patris</strong></span> <span class='ocrx_word' id='word_1_25' title='bbox 1800 551 2126 625; x_wconf 82' lang='lat' dir='ltr'>dilectione,</span> <span class='ocrx_word' id='word_1_26' title='bbox 2174 558 2233 609; x_wconf 89' lang='lat' dir='ltr'><strong>et</strong></span> <span class='ocrx_word' id='word_1_27' title='bbox 2258 560 2457 609; x_wconf 88' lang='lat' dir='ltr'><strong>nostra</strong></span> <span class='ocrx_word' id='word_1_28' title='bbox 2502 571 2637 609; x_wconf 90' lang='lat' dir='ltr'><strong>cum</strong></span> <span class='ocrx_word' id='word_1_29' title='bbox 2674 551 2907 609; x_wconf 88' lang='lat' dir='ltr'><strong>Christo</strong></span> 
     </span>
     <span class='ocr_line' id='line_1_4' title="bbox 481 630 2906 709; baseline -0 -19"><span class='ocrx_word' id='word_1_30' title='bbox 481 631 886 709; x_wconf 90' lang='lat' dir='ltr'><strong>conjunctione</strong></span> <span class='ocrx_word' id='word_1_31' title='bbox 915 630 1152 707; x_wconf 85' lang='lat' dir='ltr'><strong>nititur3</strong></span> <span class='ocrx_word' id='word_1_32' title='bbox 1197 650 1327 708; x_wconf 73' lang='lat' dir='ltr'><strong>quae</strong></span> <span class='ocrx_word' id='word_1_33' title='bbox 1357 652 1486 689; x_wconf 90' lang='lat' dir='ltr'><strong>cum</strong></span> <span class='ocrx_word' id='word_1_34' title='bbox 1517 632 1594 690; x_wconf 90' lang='lat' dir='ltr'><strong>sit</strong></span> <span class='ocrx_word' id='word_1_35' title='bbox 1620 630 2016 706; x_wconf 87' lang='lat' dir='ltr'><strong>immutabilis,</strong></span> <span class='ocrx_word' id='word_1_36' title='bbox 2038 640 2096 690; x_wconf 89' lang='lat' dir='ltr'><strong>et</strong></span> <span class='ocrx_word' id='word_1_37' title='bbox 2140 640 2371 705; x_wconf 84' lang='lat' dir='ltr'><strong>aeterna,</strong></span> <span class='ocrx_word' id='word_1_38' title='bbox 2424 640 2702 689; x_wconf 78' lang='lat' dir='ltr'><strong>aeternum</strong></span> <span class='ocrx_word' id='word_1_39' title='bbox 2730 632 2906 689; x_wconf 88' lang='lat' dir='ltr'><strong>etiam</strong></span> 
     </span>
     <span class='ocr_line' id='line_1_5' title="bbox 480 710 2907 789; baseline -0.001 -19"><span class='ocrx_word' id='word_1_40' title='bbox 480 721 539 771; x_wconf 89' lang='lat' dir='ltr'><strong>et</strong></span> <span class='ocrx_word' id='word_1_41' title='bbox 567 712 866 770; x_wconf 89' lang='lat' dir='ltr'><strong>immotum</strong></span> <span class='ocrx_word' id='word_1_42' title='bbox 887 730 1124 769; x_wconf 87' lang='lat' dir='ltr'><strong>necesse</strong></span> <span class='ocrx_word' id='word_1_43' title='bbox 1153 721 1242 769; x_wconf 86' lang='lat' dir='ltr'><strong>est</strong></span> <span class='ocrx_word' id='word_1_44' title='bbox 1269 710 1416 771; x_wconf 90' lang='lat' dir='ltr'><strong>illud</strong></span> <span class='ocrx_word' id='word_1_45' title='bbox 1444 731 1590 771; x_wconf 88' lang='lat' dir='ltr'><strong>esse.</strong></span> <span class='ocrx_word' id='word_1_46' title='bbox 1660 710 1755 769; x_wconf 86' lang='lat' dir='ltr'><strong>Sic</strong></span> <span class='ocrx_word' id='word_1_47' title='bbox 1783 730 2023 788; x_wconf 88' lang='lat' dir='ltr'><strong>peccare</strong></span> <span class='ocrx_word' id='word_1_48' title='bbox 2039 710 2273 788; x_wconf 89' lang='lat' dir='ltr'><strong>quidem</strong></span> <span class='ocrx_word' id='word_1_49' title='bbox 2292 719 2535 788; x_wconf 81' lang='lat' dir='ltr'><strong>possunt</strong></span> <span class='ocrx_word' id='word_1_50' title='bbox 2560 719 2621 770; x_wconf 90' lang='lat' dir='ltr'><strong>et</strong></span> <span class='ocrx_word' id='word_1_51' title='bbox 2648 710 2907 789; x_wconf 86' lang='lat' dir='ltr'><strong>graviter</strong></span> 
     </span>
     <span class='ocr_line' id='line_1_6' title="bbox 476 791 2904 868; baseline 0 -19"><span class='ocrx_word' id='word_1_52' title='bbox 476 791 584 850; x_wconf 87' lang='lat' dir='ltr'><strong>filii</strong></span> <span class='ocrx_word' id='word_1_53' title='bbox 615 792 743 867; x_wconf 90' lang='lat' dir='ltr'><strong>Dei,</strong></span> <span class='ocrx_word' id='word_1_54' title='bbox 773 800 840 851; x_wconf 90' lang='lat' dir='ltr'><strong>ut</strong></span> <span class='ocrx_word' id='word_1_55' title='bbox 879 791 941 849; x_wconf 90' lang='lat' dir='ltr'><strong>in</strong></span> <span class='ocrx_word' id='word_1_56' title='bbox 989 791 1445 868; x_wconf 80' lang='lat' dir='ltr'><strong>indignationem</strong></span> <span class='ocrx_word' id='word_1_57' title='bbox 1491 799 1790 868; x_wconf 88' lang='lat' dir='ltr'><strong>paternam</strong></span> <span class='ocrx_word' id='word_1_58' title='bbox 1836 791 2149 867; x_wconf 90' lang='lat' dir='ltr'><strong>incurrant,</strong></span> <span class='ocrx_word' id='word_1_59' title='bbox 2196 791 2431 849; x_wconf 89' lang='lat' dir='ltr'><strong>minime</strong></span> <span class='ocrx_word' id='word_1_60' title='bbox 2478 799 2673 850; x_wconf 91' lang='lat' dir='ltr'><strong>tamen</strong></span> <span class='ocrx_word' id='word_1_61' title='bbox 2702 792 2783 849; x_wconf 87' lang='lat' dir='ltr'><strong>ita</strong></span> <span class='ocrx_word' id='word_1_62' title='bbox 2803 810 2904 849; x_wconf 88' lang='lat' dir='ltr'><strong>eos</strong></span> 
     </span>
     <span class='ocr_line' id='line_1_7' title="bbox 479 870 2903 949; baseline -0 -18"><span class='ocrx_word' id='word_1_63' title='bbox 479 891 716 949; x_wconf 88' lang='lat' dir='ltr'><strong>peccare</strong></span> <span class='ocrx_word' id='word_1_64' title='bbox 745 872 995 949; x_wconf 88' lang='lat' dir='ltr'><strong>patietur</strong></span> <span class='ocrx_word' id='word_1_65' title='bbox 1025 872 1136 929; x_wconf 88' lang='lat' dir='ltr'><strong>Dei</strong></span> <span class='ocrx_word' id='word_1_66' title='bbox 1183 871 1550 948; x_wconf 84' lang='lat' dir='ltr'><strong>providentia</strong></span> <span class='ocrx_word' id='word_1_67' title='bbox 1595 880 1656 929; x_wconf 93' lang='lat' dir='ltr'><strong>et</strong></span> <span class='ocrx_word' id='word_1_68' title='bbox 1700 871 2110 947; x_wconf 81' lang='lat' dir='ltr'><strong>misericordia,</strong></span> <span class='ocrx_word' id='word_1_69' title='bbox 2158 879 2223 930; x_wconf 92' lang='lat' dir='ltr'><strong>ut</strong></span> <span class='ocrx_word' id='word_1_70' title='bbox 2278 872 2549 929; x_wconf 84' lang='lat' dir='ltr'><strong>orbentur</strong></span> <span class='ocrx_word' id='word_1_71' title='bbox 2592 870 2795 949; x_wconf 89' lang='lat' dir='ltr'><strong>patria,</strong></span> <span class='ocrx_word' id='word_1_72' title='bbox 2844 879 2903 930; x_wconf 90' lang='lat' dir='ltr'><strong>et</strong></span> 
     </span>
     <span class='ocr_line' id='line_1_8' title="bbox 485 949 2903 1029; baseline -0 -20"><span class='ocrx_word' id='word_1_73' title='bbox 485 952 654 1011; x_wconf 87' lang='lat' dir='ltr'><strong>Patre</strong></span> <span class='ocrx_word' id='word_1_74' title='bbox 685 952 923 1011; x_wconf 88' lang='lat' dir='ltr'><strong>coelesti.</strong></span> <span class='ocrx_word' id='word_1_75' title='bbox 993 951 1168 1010; x_wconf 91' lang='lat' dir='ltr'><strong>Pater</strong></span> <span class='ocrx_word' id='word_1_76' title='bbox 1194 952 1422 1028; x_wconf 89' lang='lat' dir='ltr'><strong>quoties</strong></span> <span class='ocrx_word' id='word_1_77' title='bbox 1437 950 1558 1009; x_wconf 90' lang='lat' dir='ltr'><strong>filio</strong></span> <span class='ocrx_word' id='word_1_78' title='bbox 1585 949 1832 1028; x_wconf 89' lang='lat' dir='ltr'><strong>prodigo</strong></span> <span class='ocrx_word' id='word_1_79' title='bbox 1850 951 2131 1029; x_wconf 80' lang='lat' dir='ltr'><strong>irascitur,</strong></span> <span class='ocrx_word' id='word_1_80' title='bbox 2156 951 2327 1011; x_wconf 87' lang='lat' dir='ltr'><strong>toties</strong></span> <span class='ocrx_word' id='word_1_81' title='bbox 2346 952 2509 1011; x_wconf 90' lang='lat' dir='ltr'><strong>illum</strong></span> <span class='ocrx_word' id='word_1_82' title='bbox 2536 972 2652 1010; x_wconf 90' lang='lat' dir='ltr'><strong>non</strong></span> <span class='ocrx_word' id='word_1_83' title='bbox 2682 970 2903 1029; x_wconf 86' lang='lat' dir='ltr'><strong>expun-</strong></span> 
     </span>
     <span class='ocr_line' id='line_1_9' title="bbox 482 1031 2901 1110; baseline 0 -21"><span class='ocrx_word' id='word_1_84' title='bbox 482 1032 569 1110; x_wconf 90' lang='lat' dir='ltr'><strong>git</strong></span> <span class='ocrx_word' id='word_1_85' title='bbox 597 1052 672 1091; x_wconf 85' lang='lat' dir='ltr'><strong>ex</strong></span> <span class='ocrx_word' id='word_1_86' title='bbox 699 1032 950 1091; x_wconf 90' lang='lat' dir='ltr'><strong>filiorum</strong></span> <span class='ocrx_word' id='word_1_87' title='bbox 977 1050 1232 1105; x_wconf 89' lang='lat' dir='ltr'><strong>numer0,</strong></span> <span class='ocrx_word' id='word_1_88' title='bbox 1265 1051 1372 1091; x_wconf 90' lang='lat' dir='ltr'><strong>nec</strong></span> <span class='ocrx_word' id='word_1_89' title='bbox 1419 1050 1598 1109; x_wconf 89' lang='lat' dir='ltr'><strong>quum</strong></span> <span class='ocrx_word' id='word_1_90' title='bbox 1637 1031 1841 1109; x_wconf 86' lang='lat' dir='ltr'><strong>incipit</strong></span> <span class='ocrx_word' id='word_1_91' title='bbox 1886 1051 2087 1091; x_wconf 88' lang='lat' dir='ltr'><strong>severe</strong></span> <span class='ocrx_word' id='word_1_92' title='bbox 2136 1032 2435 1109; x_wconf 85' lang='lat' dir='ltr'><strong>castigare,</strong></span> <span class='ocrx_word' id='word_1_93' title='bbox 2466 1032 2679 1091; x_wconf 82' lang='lat' dir='ltr'><strong>desinit</strong></span> <span class='ocrx_word' id='word_1_94' title='bbox 2708 1040 2901 1090; x_wconf 88' lang='lat' dir='ltr'><strong>tamen</strong></span> 
     </span>
     <span class='ocr_line' id='line_1_10' title="bbox 483 1110 2900 1186; baseline 0 -15"><span class='ocrx_word' id='word_1_95' title='bbox 483 1112 705 1171; x_wconf 88' lang='lat' dir='ltr'><strong>sincere</strong></span> <span class='ocrx_word' id='word_1_96' title='bbox 735 1132 943 1185; x_wconf 88' lang='lat' dir='ltr'><strong>amare,</strong></span> <span class='ocrx_word' id='word_1_97' title='bbox 978 1112 1133 1170; x_wconf 88' lang='lat' dir='ltr'><strong>Psal.</strong></span> <span class='ocrx_word' id='word_1_98' title='bbox 1165 1112 1398 1171; x_wconf 85' lang='lat' dir='ltr'><strong>lxxxix.</strong></span> <span class='ocrx_word' id='word_1_99' title='bbox 1429 1116 1523 1186; x_wconf 88' lang='lat'><strong>31,</strong></span> <span class='ocrx_word' id='word_1_100' title='bbox 1561 1112 1717 1171; x_wconf 84' lang='lat' dir='ltr'><strong>ch.</strong></span> <span class='ocrx_word' id='word_1_101' title='bbox 1746 1112 1847 1169; x_wconf 84' lang='lat' dir='ltr'><strong>xii.</strong></span> <span class='ocrx_word' id='word_1_102' title='bbox 1880 1114 1934 1171; x_wconf 88' lang='grc'><strong>6.</strong></span> <span class='ocrx_word' id='word_1_103' title='bbox 1990 1112 2156 1171; x_wconf 88' lang='lat' dir='ltr'><strong>Idem</strong></span> <span class='ocrx_word' id='word_1_104' title='bbox 2184 1110 2257 1169; x_wconf 89' lang='lat' dir='ltr'><strong>de</strong></span> <span class='ocrx_word' id='word_1_105' title='bbox 2283 1121 2481 1171; x_wconf 87' lang='lat' dir='ltr'><strong>nostra</strong></span> <span class='ocrx_word' id='word_1_106' title='bbox 2509 1132 2640 1170; x_wconf 86' lang='lat' dir='ltr'><strong>eum</strong></span> <span class='ocrx_word' id='word_1_107' title='bbox 2670 1112 2900 1171; x_wconf 86' lang='lat' dir='ltr'><strong>Christo</strong></span> 
     </span>
     <span class='ocr_line' id='line_1_11' title="bbox 479 1191 2898 1269; baseline 0 -18"><span class='ocrx_word' id='word_1_108' title='bbox 479 1194 692 1252; x_wconf 89' lang='lat' dir='ltr'><strong>unione</strong></span> <span class='ocrx_word' id='word_1_109' title='bbox 721 1191 912 1251; x_wconf 88' lang='lat' dir='ltr'><strong>dicere</strong></span> <span class='ocrx_word' id='word_1_110' title='bbox 940 1191 1076 1250; x_wconf 89' lang='lat' dir='ltr'><strong>licet</strong></span> <span class='ocrx_word' id='word_1_111' title='bbox 1098 1214 1115 1269; x_wconf 90' lang='lat'>;</span> <span class='ocrx_word' id='word_1_112' title='bbox 1161 1192 1394 1251; x_wconf 86' lang='lat' dir='ltr'><strong>Fideles</strong></span> <span class='ocrx_word' id='word_1_113' title='bbox 1417 1212 1596 1269; x_wconf 89' lang='lat' dir='ltr'><strong>quum</strong></span> <span class='ocrx_word' id='word_1_114' title='bbox 1644 1200 1903 1268; x_wconf 86' lang='lat' dir='ltr'><strong>peccant,</strong></span> <span class='ocrx_word' id='word_1_115' title='bbox 1936 1192 2157 1269; x_wconf 87' lang='lat' dir='ltr'><strong>seipsos</strong></span> <span class='ocrx_word' id='word_1_116' title='bbox 2204 1193 2564 1268; x_wconf 87' lang='lat' dir='ltr'><strong>quantumin</strong></span> <span class='ocrx_word' id='word_1_117' title='bbox 2594 1212 2654 1251; x_wconf 90' lang='lat' dir='ltr'><strong>se</strong></span> <span class='ocrx_word' id='word_1_118' title='bbox 2682 1200 2771 1251; x_wconf 88' lang='lat' dir='ltr'><strong>est</strong></span> <span class='ocrx_word' id='word_1_119' title='bbox 2797 1192 2898 1251; x_wconf 87' lang='lat' dir='ltr'><strong>ab·</strong></span> 
     </span>
     <span class='ocr_line' id='line_1_12' title="bbox 480 1270 2903 1347; baseline 0 -16"><span class='ocrx_word' id='word_1_120' title='bbox 480 1272 752 1333; x_wconf 87' lang='lat' dir='ltr'><strong>scindunt</strong></span> <span class='ocrx_word' id='word_1_121' title='bbox 780 1292 816 1331; x_wconf 89' lang='lat' dir='ltr'><strong>a</strong></span> <span class='ocrx_word' id='word_1_122' title='bbox 865 1271 1112 1347; x_wconf 90' lang='lat' dir='ltr'><strong>Christo,</strong></span> <span class='ocrx_word' id='word_1_123' title='bbox 1164 1280 1224 1331; x_wconf 91' lang='lat' dir='ltr'><strong>et</strong></span> <span class='ocrx_word' id='word_1_124' title='bbox 1270 1272 1544 1331; x_wconf 89' lang='lat' dir='ltr'><strong>desinunt</strong></span> <span class='ocrx_word' id='word_1_125' title='bbox 1591 1291 1719 1331; x_wconf 86' lang='lat' dir='ltr'><strong>esse</strong></span> <span class='ocrx_word' id='word_1_126' title='bbox 1768 1272 2130 1331; x_wconf 86' lang='lat' dir='ltr'><strong>demeritorie</strong></span> <span class='ocrx_word' id='word_1_127' title='bbox 2178 1272 2437 1331; x_wconf 81' lang='lat' dir='ltr'><strong>membra</strong></span> <span class='ocrx_word' id='word_1_128' title='bbox 2485 1272 2736 1347; x_wconf 80' lang='lat' dir='ltr'><strong>Christi3</strong></span> <span class='ocrx_word' id='word_1_129' title='bbox 2784 1270 2903 1331; x_wconf 86' lang='lat' dir='ltr'><strong>Sed</strong></span> 
     </span>
     <span class='ocr_line' id='line_1_13' title="bbox 479 1351 2900 1430; baseline 0 -18"><span class='ocrx_word' id='word_1_130' title='bbox 479 1352 742 1412; x_wconf 87' lang='lat' dir='ltr'><strong>Christus</strong></span> <span class='ocrx_word' id='word_1_131' title='bbox 759 1360 952 1413; x_wconf 90' lang='lat' dir='ltr'><strong>tamen</strong></span> <span class='ocrx_word' id='word_1_132' title='bbox 969 1353 1070 1429; x_wconf 88' lang='lat' dir='ltr'><strong>jus</strong></span> <span class='ocrx_word' id='word_1_133' title='bbox 1089 1372 1274 1428; x_wconf 91' lang='lat' dir='ltr'><strong>suum,</strong></span> <span class='ocrx_word' id='word_1_134' title='bbox 1295 1352 1454 1430; x_wconf 88' lang='lat' dir='ltr'><strong>quod</strong></span> <span class='ocrx_word' id='word_1_135' title='bbox 1469 1362 1588 1411; x_wconf 84' lang='lat' dir='ltr'><strong>tam</strong></span> <span class='ocrx_word' id='word_1_136' title='bbox 1617 1372 1830 1429; x_wconf 91' lang='lat' dir='ltr'><strong>magno</strong></span> <span class='ocrx_word' id='word_1_137' title='bbox 1858 1352 2044 1429; x_wconf 89' lang='lat' dir='ltr'><strong>pretio</strong></span> <span class='ocrx_word' id='word_1_138' title='bbox 2072 1360 2361 1412; x_wconf 87' lang='lat' dir='ltr'><strong>mercatus</strong></span> <span class='ocrx_word' id='word_1_139' title='bbox 2388 1360 2495 1427; x_wconf 88' lang='lat' dir='ltr'><strong>est,</strong></span> <span class='ocrx_word' id='word_1_140' title='bbox 2526 1372 2645 1411; x_wconf 90' lang='lat' dir='ltr'><strong>non</strong></span> <span class='ocrx_word' id='word_1_141' title='bbox 2672 1351 2900 1428; x_wconf 86' lang='lat' dir='ltr'><strong>amittit,</strong></span> 
     </span>
     <span class='ocr_line' id='line_1_14' title="bbox 472 1432 2902 1510; baseline 0 -20"><span class='ocrx_word' id='word_1_142' title='bbox 472 1433 571 1493; x_wconf 83' lang='lat' dir='ltr'><strong>vel</strong></span> <span class='ocrx_word' id='word_1_143' title='bbox 599 1434 895 1493; x_wconf 87' lang='lat' dir='ltr'><strong>vinculum</strong></span> <span class='ocrx_word' id='word_1_144' title='bbox 927 1433 1240 1510; x_wconf 87' lang='lat' dir='ltr'><strong>spiritualis</strong></span> <span class='ocrx_word' id='word_1_145' title='bbox 1281 1432 1633 1493; x_wconf 80' lang='lat' dir='ltr'><strong>matrimonii</strong></span> <span class='ocrx_word' id='word_1_146' title='bbox 1676 1433 1892 1509; x_wconf 88' lang='lat' dir='ltr'><strong>patitur</strong></span> <span class='ocrx_word' id='word_1_147' title='bbox 1931 1441 2065 1492; x_wconf 90' lang='lat' dir='ltr'><strong>actu</strong></span> <span class='ocrx_word' id='word_1_148' title='bbox 2113 1433 2395 1510; x_wconf 80' lang='lat' dir='ltr'><strong>abrumpi.</strong></span> <span class='ocrx_word' id='word_1_149' title='bbox 2484 1433 2736 1491; x_wconf 79' lang='lat' dir='ltr'><strong>Possunt</strong></span> <span class='ocrx_word' id='word_1_150' title='bbox 2764 1451 2902 1509; x_wconf 89' lang='lat' dir='ltr'><strong>ergo</strong></span> 
     </span>
     <span class='ocr_line' id='line_1_15' title="bbox 466 1512 2900 1593; baseline -0.001 -20"><span class='ocrx_word' id='word_1_151' title='bbox 466 1515 600 1593; x_wconf 85' lang='lat' dir='ltr'><strong>jure</strong></span> <span class='ocrx_word' id='word_1_152' title='bbox 627 1534 696 1572; x_wconf 88' lang='lat' dir='ltr'><strong>ac</strong></span> <span class='ocrx_word' id='word_1_153' title='bbox 723 1513 1070 1591; x_wconf 77' lang='lat' dir='ltr'><strong>proprietate</strong></span> <span class='ocrx_word' id='word_1_154' title='bbox 1101 1532 1331 1572; x_wconf 90' lang='lat' dir='ltr'><strong>manere</strong></span> <span class='ocrx_word' id='word_1_155' title='bbox 1359 1512 1616 1573; x_wconf 86' lang='lat' dir='ltr'><strong>membra</strong></span> <span class='ocrx_word' id='word_1_156' title='bbox 1646 1512 1877 1589; x_wconf 84' lang='lat' dir='ltr'><strong>Christi,</strong></span> <span class='ocrx_word' id='word_1_157' title='bbox 1898 1514 2001 1591; x_wconf 90' lang='lat' dir='ltr'><strong>qui</strong></span> <span class='ocrx_word' id='word_1_158' title='bbox 2026 1532 2104 1571; x_wconf 88' lang='lat' dir='ltr'><strong>ex</strong></span> <span class='ocrx_word' id='word_1_159' title='bbox 2124 1513 2311 1573; x_wconf 89' lang='lat' dir='ltr'><strong>abusu</strong></span> <span class='ocrx_word' id='word_1_160' title='bbox 2328 1521 2386 1572; x_wconf 91' lang='lat' dir='ltr'><strong>et</strong></span> <span class='ocrx_word' id='word_1_161' title='bbox 2404 1521 2627 1573; x_wconf 86' lang='lat' dir='ltr'><strong>tantum</strong></span> <span class='ocrx_word' id='word_1_162' title='bbox 2649 1513 2721 1571; x_wconf 92' lang='lat' dir='ltr'><strong>de</strong></span> <span class='ocrx_word' id='word_1_163' title='bbox 2748 1512 2900 1572; x_wconf 87' lang='lat' dir='ltr'><strong>facto</strong></span> 
     </span>
     <span class='ocr_line' id='line_1_16' title="bbox 481 1592 1266 1652; baseline -0.001 0"><span class='ocrx_word' id='word_1_164' title='bbox 481 1594 630 1652; x_wconf 88' lang='lat' dir='ltr'><strong>fiunt</strong></span> <span class='ocrx_word' id='word_1_165' title='bbox 656 1594 916 1652; x_wconf 88' lang='lat' dir='ltr'><strong>membra</strong></span> <span class='ocrx_word' id='word_1_166' title='bbox 943 1592 1266 1651; x_wconf 88' lang='lat' dir='ltr'><strong>meritricis.</strong></span> 
     </span>
    </p>

    <p class='ocr_par' dir='ltr' id='par_1_3' title="bbox 471 1671 2904 4136">
     <span class='ocr_line' id='line_1_17' title="bbox 561 1671 2897 1753; baseline -0 -22"><span class='ocrx_word' id='word_1_167' title='bbox 561 1672 884 1731; x_wconf 87' lang='lat' dir='ltr'>XXVIII.</span> <span class='ocrx_word' id='word_1_168' title='bbox 930 1672 1100 1746; x_wconf 85' lang='lat' dir='ltr'><strong>Quod</strong></span> <span class='ocrx_word' id='word_1_169' title='bbox 1125 1680 1320 1731; x_wconf 88' lang='lat' dir='ltr'><strong>autem</strong></span> <span class='ocrx_word' id='word_1_170' title='bbox 1349 1671 1422 1731; x_wconf 90' lang='lat' dir='ltr'><strong>de</strong></span> <span class='ocrx_word' id='word_1_171' title='bbox 1450 1672 1880 1734; x_wconf 85' lang='lat' dir='ltr'><strong>Justificatione</strong></span> <span class='ocrx_word' id='word_1_172' title='bbox 1920 1682 1979 1733; x_wconf 90' lang='lat' dir='ltr'><strong>et</strong></span> <span class='ocrx_word' id='word_1_173' title='bbox 2028 1672 2363 1753; x_wconf 88' lang='lat' dir='ltr'><strong>Adoptione</strong></span> <span class='ocrx_word' id='word_1_174' title='bbox 2385 1674 2665 1749; x_wconf 89' lang='lat' dir='ltr'><strong>dicimus;</strong></span> <span class='ocrx_word' id='word_1_175' title='bbox 2712 1672 2785 1731; x_wconf 92' lang='lat' dir='ltr'><strong>Id</strong></span> <span class='ocrx_word' id='word_1_176' title='bbox 2812 1672 2897 1750; x_wconf 86' lang='lat' dir='ltr'><strong>ip-</strong></span> 
     </span>
     <span class='ocr_line' id='line_1_18' title="bbox 479 1751 2901 1833; baseline 0 -21"><span class='ocrx_word' id='word_1_177' title='bbox 479 1772 606 1813; x_wconf 89' lang='lat' dir='ltr'><strong>sum</strong></span> <span class='ocrx_word' id='word_1_178' title='bbox 636 1752 810 1812; x_wconf 88' lang='lat' dir='ltr'><strong>etiam</strong></span> <span class='ocrx_word' id='word_1_179' title='bbox 839 1751 900 1809; x_wconf 87' lang='lat' dir='ltr'><strong>in</strong></span> <span class='ocrx_word' id='word_1_180' title='bbox 931 1752 1390 1829; x_wconf 86' lang='lat' dir='ltr'><strong>Regeneratione</strong></span> <span class='ocrx_word' id='word_1_181' title='bbox 1417 1753 1609 1811; x_wconf 91' lang='lat' dir='ltr'><strong>locum</strong></span> <span class='ocrx_word' id='word_1_182' title='bbox 1639 1754 1831 1827; x_wconf 87' lang='lat' dir='ltr'><strong>habet,</strong></span> <span class='ocrx_word' id='word_1_183' title='bbox 1883 1774 2014 1832; x_wconf 78' lang='lat' dir='ltr'><strong>quae</strong></span> <span class='ocrx_word' id='word_1_184' title='bbox 2061 1774 2179 1813; x_wconf 90' lang='lat' dir='ltr'><strong>non</strong></span> <span class='ocrx_word' id='word_1_185' title='bbox 2228 1755 2424 1814; x_wconf 84' lang='lat' dir='ltr'><strong>statim</strong></span> <span class='ocrx_word' id='word_1_186' title='bbox 2472 1774 2575 1833; x_wconf 90' lang='lat' dir='ltr'><strong>per</strong></span> <span class='ocrx_word' id='word_1_187' title='bbox 2600 1752 2901 1831; x_wconf 85' lang='lat' dir='ltr'><strong>quodlibet</strong></span> 
     </span>
     <span class='ocr_line' id='line_1_19' title="bbox 473 1832 2899 1913; baseline -0 -21"><span class='ocrx_word' id='word_1_188' title='bbox 473 1832 726 1893; x_wconf 88' lang='lat' dir='ltr'><strong>hominis</strong></span> <span class='ocrx_word' id='word_1_189' title='bbox 753 1833 928 1891; x_wconf 88' lang='lat' dir='ltr'><strong>etiam</strong></span> <span class='ocrx_word' id='word_1_190' title='bbox 976 1851 1156 1909; x_wconf 87' lang='lat' dir='ltr'><strong>grave</strong></span> <span class='ocrx_word' id='word_1_191' title='bbox 1201 1841 1500 1910; x_wconf 88' lang='lat' dir='ltr'><strong>peccatum</strong></span> <span class='ocrx_word' id='word_1_192' title='bbox 1548 1834 1792 1893; x_wconf 89' lang='lat' dir='ltr'><strong>deletur.</strong></span> <span class='ocrx_word' id='word_1_193' title='bbox 1878 1834 2027 1909; x_wconf 86' lang='lat' dir='ltr'><strong>Quia</strong></span> <span class='ocrx_word' id='word_1_194' title='bbox 2052 1834 2207 1893; x_wconf 92' lang='lat' dir='ltr'><strong>idem</strong></span> <span class='ocrx_word' id='word_1_195' title='bbox 2238 1835 2503 1913; x_wconf 85' lang='lat' dir='ltr'><strong>Spiritus,</strong></span> <span class='ocrx_word' id='word_1_196' title='bbox 2556 1835 2655 1911; x_wconf 91' lang='lat' dir='ltr'><strong>qui</strong></span> <span class='ocrx_word' id='word_1_197' title='bbox 2704 1853 2899 1893; x_wconf 89' lang='lat' dir='ltr'><strong>semen</strong></span> 
     </span>
     <span class='ocr_line' id='line_1_20' title="bbox 477 1912 2900 1993; baseline -0.002 -18"><span class='ocrx_word' id='word_1_198' title='bbox 477 1912 930 1991; x_wconf 82' lang='lat' dir='ltr'><strong>regenerationis</strong></span> <span class='ocrx_word' id='word_1_199' title='bbox 953 1912 1224 1972; x_wconf 87' lang='lat' dir='ltr'><strong>cordibus</strong></span> <span class='ocrx_word' id='word_1_200' title='bbox 1241 1922 1568 1973; x_wconf 88' lang='lat' dir='ltr'><strong>renatorum</strong></span> <span class='ocrx_word' id='word_1_201' title='bbox 1597 1914 1868 1989; x_wconf 88' lang='lat' dir='ltr'><strong>infundit,</strong></span> <span class='ocrx_word' id='word_1_202' title='bbox 1893 1915 2041 1973; x_wconf 90' lang='lat' dir='ltr'><strong>illud</strong></span> <span class='ocrx_word' id='word_1_203' title='bbox 2064 1924 2339 1993; x_wconf 87' lang='lat' dir='ltr'><strong>perpetuo</strong></span> <span class='ocrx_word' id='word_1_204' title='bbox 2367 1915 2528 1974; x_wconf 76' lang='lat' dir='ltr'><strong>fovet</strong></span> <span class='ocrx_word' id='word_1_205' title='bbox 2544 1925 2603 1973; x_wconf 90' lang='lat' dir='ltr'><strong>et</strong></span> <span class='ocrx_word' id='word_1_206' title='bbox 2630 1914 2900 1990; x_wconf 79' lang='lat' dir='ltr'><strong>custodit,</strong></span> 
     </span>
     <span class='ocr_line' id='line_1_21' title="bbox 475 1993 2901 2072; baseline -0 -20"><span class='ocrx_word' id='word_1_207' title='bbox 475 1994 678 2071; x_wconf 89' lang='lat' dir='ltr'><strong>illique</strong></span> <span class='ocrx_word' id='word_1_208' title='bbox 707 1993 824 2051; x_wconf 90' lang='lat' dir='ltr'><strong>vim</strong></span> <span class='ocrx_word' id='word_1_209' title='bbox 855 1993 1148 2052; x_wconf 85' lang='lat' dir='ltr'><strong>coelestem</strong></span> <span class='ocrx_word' id='word_1_210' title='bbox 1177 2000 1237 2051; x_wconf 90' lang='lat' dir='ltr'><strong>et</strong></span> <span class='ocrx_word' id='word_1_211' title='bbox 1277 1993 1773 2071; x_wconf 86' lang='lat' dir='ltr'><strong>incorruptibilem</strong></span> <span class='ocrx_word' id='word_1_212' title='bbox 1800 1994 2079 2072; x_wconf 87' lang='lat' dir='ltr'><strong>imprimit</strong></span> <span class='ocrx_word' id='word_1_213' title='bbox 2106 2015 2178 2055; x_wconf 90' lang='lat' dir='ltr'><strong>ne</strong></span> <span class='ocrx_word' id='word_1_214' title='bbox 2207 1996 2454 2055; x_wconf 85' lang='lat' dir='ltr'><strong>deficiat.</strong></span> <span class='ocrx_word' id='word_1_215' title='bbox 2554 1994 2723 2055; x_wconf 88' lang='lat' dir='ltr'><strong>Unde</strong></span> <span class='ocrx_word' id='word_1_216' title='bbox 2751 1994 2901 2053; x_wconf 89' lang='lat' dir='ltr'><strong>inter</strong></span> 
     </span>
     <span class='ocr_line' id='line_1_22' title="bbox 479 2072 2899 2151; baseline -0 -18"><span class='ocrx_word' id='word_1_217' title='bbox 479 2074 634 2134; x_wconf 89' lang='lat' dir='ltr'><strong>dona</strong></span> <span class='ocrx_word' id='word_1_218' title='bbox 660 2072 1026 2151; x_wconf 56' lang='lat' dir='ltr'><strong>sip-rapimu-</strong></span> <span class='ocrx_word' id='word_1_219' title='bbox 1055 2072 1367 2151; x_wconf 90' lang='lat' dir='ltr'><strong>reponitur,</strong></span> <span class='ocrx_word' id='word_1_220' title='bbox 1397 2084 1456 2133; x_wconf 88' lang='lat' dir='ltr'><strong>et</strong></span> <span class='ocrx_word' id='word_1_221' title='bbox 1483 2093 1711 2151; x_wconf 85' lang='lat' dir='ltr'><strong>semper</strong></span> <span class='ocrx_word' id='word_1_222' title='bbox 1756 2094 1988 2135; x_wconf 86' lang='lat' dir='ltr'><strong>manere</strong></span> <span class='ocrx_word' id='word_1_223' title='bbox 2038 2074 2247 2135; x_wconf 87' lang='lat' dir='ltr'><strong>dicitur</strong></span> <span class='ocrx_word' id='word_1_224' title='bbox 2274 2076 2335 2133; x_wconf 92' lang='lat' dir='ltr'><strong>in</strong></span> <span class='ocrx_word' id='word_1_225' title='bbox 2382 2076 2559 2149; x_wconf 90' lang='lat' dir='ltr'><strong>fideli,</strong></span> <span class='ocrx_word' id='word_1_226' title='bbox 2594 2079 2623 2133; x_wconf 95' lang='lat'>1</span> <span class='ocrx_word' id='word_1_227' title='bbox 2655 2074 2699 2134; x_wconf 87' lang='lat' dir='ltr'>J</span> <span class='ocrx_word' id='word_1_228' title='bbox 2702 2074 2793 2133; x_wconf 89' lang='lat' dir='ltr'><strong>oh.</strong></span> <span class='ocrx_word' id='word_1_229' title='bbox 2819 2074 2899 2132; x_wconf 88' lang='lat' dir='ltr'><strong>iii.</strong></span> 
     </span>
     <span class='ocr_line' id='line_1_23' title="bbox 475 2153 2899 2233; baseline -0.001 -19"><span class='ocrx_word' id='word_1_230' title='bbox 475 2157 533 2215; x_wconf 90' lang='grc'><strong>8.</strong></span> <span class='ocrx_word' id='word_1_231' title='bbox 578 2155 711 2213; x_wconf 90' lang='lat' dir='ltr'><strong>Non</strong></span> <span class='ocrx_word' id='word_1_232' title='bbox 737 2174 890 2233; x_wconf 86' lang='lat' dir='ltr'><strong>nego</strong></span> <span class='ocrx_word' id='word_1_233' title='bbox 919 2153 1170 2231; x_wconf 90' lang='lat' dir='ltr'><strong>quidem,</strong></span> <span class='ocrx_word' id='word_1_234' title='bbox 1200 2173 1370 2231; x_wconf 88' lang='lat' dir='ltr'><strong>posse</strong></span> <span class='ocrx_word' id='word_1_235' title='bbox 1401 2174 1598 2213; x_wconf 90' lang='lat' dir='ltr'><strong>semen</strong></span> <span class='ocrx_word' id='word_1_236' title='bbox 1626 2155 1737 2213; x_wconf 91' lang='lat' dir='ltr'><strong>hoc</strong></span> <span class='ocrx_word' id='word_1_237' title='bbox 1764 2154 1841 2213; x_wconf 91' lang='lat' dir='ltr'><strong>ad</strong></span> <span class='ocrx_word' id='word_1_238' title='bbox 1862 2164 2089 2233; x_wconf 86' lang='lat' dir='ltr'><strong>tempus</strong></span> <span class='ocrx_word' id='word_1_239' title='bbox 2117 2156 2179 2213; x_wconf 91' lang='lat' dir='ltr'><strong>in</strong></span> <span class='ocrx_word' id='word_1_240' title='bbox 2206 2164 2359 2214; x_wconf 88' lang='lat' dir='ltr'><strong>terra</strong></span> <span class='ocrx_word' id='word_1_241' title='bbox 2375 2155 2624 2229; x_wconf 87' lang='lat' dir='ltr'><strong>retineri,</strong></span> <span class='ocrx_word' id='word_1_242' title='bbox 2656 2174 2728 2213; x_wconf 90' lang='lat' dir='ltr'><strong>ne</strong></span> <span class='ocrx_word' id='word_1_243' title='bbox 2745 2154 2899 2213; x_wconf 88' lang='lat' dir='ltr'><strong>foras</strong></span> 
     </span>
     <span class='ocr_line' id='line_1_24' title="bbox 473 2233 2899 2315; baseline -0.001 -21"><span class='ocrx_word' id='word_1_244' title='bbox 473 2245 662 2315; x_wconf 60' lang='lat' dir='ltr'><strong>exopt,</strong></span> <span class='ocrx_word' id='word_1_245' title='bbox 687 2244 745 2295; x_wconf 90' lang='lat' dir='ltr'><strong>et</strong></span> <span class='ocrx_word' id='word_1_246' title='bbox 763 2235 900 2293; x_wconf 88' lang='lat' dir='ltr'><strong>folia</strong></span> <span class='ocrx_word' id='word_1_247' title='bbox 917 2234 1252 2310; x_wconf 87' lang='lat' dir='ltr'><strong>fructusque</strong></span> <span class='ocrx_word' id='word_1_248' title='bbox 1270 2233 1566 2311; x_wconf 87' lang='lat' dir='ltr'><strong>producat,</strong></span> <span class='ocrx_word' id='word_1_249' title='bbox 1594 2234 1837 2295; x_wconf 83' lang='lat' dir='ltr'><strong>durante</strong></span> <span class='ocrx_word' id='word_1_250' title='bbox 1859 2235 2067 2311; x_wconf 86' lang='lat' dir='ltr'><strong>hyeme</strong></span> <span class='ocrx_word' id='word_1_251' title='bbox 2090 2236 2454 2310; x_wconf 88' lang='lat' dir='ltr'><strong>tentationis;</strong></span> <span class='ocrx_word' id='word_1_252' title='bbox 2486 2236 2590 2295; x_wconf 87' lang='lat' dir='ltr'><strong>sed</strong></span> <span class='ocrx_word' id='word_1_253' title='bbox 2608 2236 2729 2293; x_wconf 81' lang='lat' dir='ltr'><strong>vita</strong></span> <span class='ocrx_word' id='word_1_254' title='bbox 2750 2254 2899 2292; x_wconf 88' lang='lat' dir='ltr'><strong>sem-</strong></span> 
     </span>
     <span class='ocr_line' id='line_1_25' title="bbox 474 2314 2897 2393; baseline -0.001 -18"><span class='ocrx_word' id='word_1_255' title='bbox 474 2336 578 2393; x_wconf 90' lang='lat' dir='ltr'><strong>per</strong></span> <span class='ocrx_word' id='word_1_256' title='bbox 598 2315 740 2375; x_wconf 89' lang='lat' dir='ltr'><strong>latet</strong></span> <span class='ocrx_word' id='word_1_257' title='bbox 761 2314 819 2371; x_wconf 90' lang='lat' dir='ltr'><strong>in</strong></span> <span class='ocrx_word' id='word_1_258' title='bbox 840 2314 1060 2387; x_wconf 87' lang='lat' dir='ltr'><strong>radice;</strong></span> <span class='ocrx_word' id='word_1_259' title='bbox 1093 2314 1282 2373; x_wconf 88' lang='lat' dir='ltr'><strong>Actus</strong></span> <span class='ocrx_word' id='word_1_260' title='bbox 1299 2314 1435 2372; x_wconf 90' lang='lat' dir='ltr'><strong>fidei</strong></span> <span class='ocrx_word' id='word_1_261' title='bbox 1453 2316 1665 2392; x_wconf 92' lang='lat' dir='ltr'><strong>poterit</strong></span> <span class='ocrx_word' id='word_1_262' title='bbox 1686 2315 2005 2391; x_wconf 88' lang='lat' dir='ltr'><strong>intermitti,</strong></span> <span class='ocrx_word' id='word_1_263' title='bbox 2030 2316 2135 2375; x_wconf 91' lang='lat' dir='ltr'><strong>sed</strong></span> <span class='ocrx_word' id='word_1_264' title='bbox 2155 2336 2271 2374; x_wconf 89' lang='lat' dir='ltr'><strong>non</strong></span> <span class='ocrx_word' id='word_1_265' title='bbox 2288 2316 2521 2374; x_wconf 85' lang='lat' dir='ltr'><strong>habitus</strong></span> <span class='ocrx_word' id='word_1_266' title='bbox 2538 2316 2661 2393; x_wconf 91' lang='lat' dir='ltr'><strong>ipse</strong></span> <span class='ocrx_word' id='word_1_267' title='bbox 2684 2315 2897 2387; x_wconf 88' lang='lat' dir='ltr'><strong>excuti,</strong></span> 
     </span>
     <span class='ocr_line' id='line_1_26' title="bbox 473 2393 2899 2471; baseline -0.001 -17"><span class='ocrx_word' id='word_1_268' title='bbox 473 2404 540 2454; x_wconf 91' lang='lat' dir='ltr'><strong>ut</strong></span> <span class='ocrx_word' id='word_1_269' title='bbox 567 2394 720 2471; x_wconf 84' lang='lat' dir='ltr'><strong>ignis</strong></span> <span class='ocrx_word' id='word_1_270' title='bbox 749 2394 856 2453; x_wconf 91' lang='lat' dir='ltr'><strong>sub</strong></span> <span class='ocrx_word' id='word_1_271' title='bbox 879 2394 1167 2451; x_wconf 84' lang='lat' dir='ltr'><strong>cineribus</strong></span> <span class='ocrx_word' id='word_1_272' title='bbox 1194 2393 1397 2467; x_wconf 85' lang='lat' dir='ltr'><strong>latens,</strong></span> <span class='ocrx_word' id='word_1_273' title='bbox 1419 2396 1520 2471; x_wconf 90' lang='lat' dir='ltr'><strong>qui</strong></span> <span class='ocrx_word' id='word_1_274' title='bbox 1537 2396 1649 2454; x_wconf 88' lang='lat' dir='ltr'><strong>etsi</strong></span> <span class='ocrx_word' id='word_1_275' title='bbox 1676 2394 1963 2455; x_wconf 87' lang='lat' dir='ltr'><strong>flammam</strong></span> <span class='ocrx_word' id='word_1_276' title='bbox 1995 2416 2113 2455; x_wconf 88' lang='lat' dir='ltr'><strong>non</strong></span> <span class='ocrx_word' id='word_1_277' title='bbox 2156 2396 2396 2470; x_wconf 89' lang='lat' dir='ltr'><strong>emittat,</strong></span> <span class='ocrx_word' id='word_1_278' title='bbox 2428 2396 2676 2454; x_wconf 87' lang='lat' dir='ltr'><strong>calorem</strong></span> <span class='ocrx_word' id='word_1_279' title='bbox 2705 2404 2899 2454; x_wconf 87' lang='lat' dir='ltr'><strong>tamen</strong></span> 
     </span>
     <span class='ocr_line' id='line_1_27' title="bbox 472 2472 2896 2554; baseline -0.001 -21"><span class='ocrx_word' id='word_1_280' title='bbox 472 2474 628 2534; x_wconf 85' lang='lat' dir='ltr'><strong>intus</strong></span> <span class='ocrx_word' id='word_1_281' title='bbox 657 2482 868 2532; x_wconf 84' lang='lat' dir='ltr'><strong>servat.</strong></span> <span class='ocrx_word' id='word_1_282' title='bbox 954 2473 1032 2531; x_wconf 90' lang='lat' dir='ltr'><strong>Et</strong></span> <span class='ocrx_word' id='word_1_283' title='bbox 1059 2481 1124 2531; x_wconf 92' lang='lat' dir='ltr'><strong>ut</strong></span> <span class='ocrx_word' id='word_1_284' title='bbox 1147 2472 1281 2531; x_wconf 80' lang='lat' dir='ltr'><strong>vitae</strong></span> <span class='ocrx_word' id='word_1_285' title='bbox 1300 2474 1473 2550; x_wconf 88' lang='lat' dir='ltr'><strong>hujus</strong></span> <span class='ocrx_word' id='word_1_286' title='bbox 1495 2475 1760 2534; x_wconf 87' lang='lat' dir='ltr'><strong>animalis</strong></span> <span class='ocrx_word' id='word_1_287' title='bbox 1782 2476 1935 2535; x_wconf 84' lang='lat' dir='ltr'><strong>idem</strong></span> <span class='ocrx_word' id='word_1_288' title='bbox 1954 2496 2069 2534; x_wconf 91' lang='lat' dir='ltr'><strong>non</strong></span> <span class='ocrx_word' id='word_1_289' title='bbox 2090 2496 2314 2554; x_wconf 86' lang='lat' dir='ltr'><strong>semper</strong></span> <span class='ocrx_word' id='word_1_290' title='bbox 2330 2482 2419 2535; x_wconf 90' lang='lat' dir='ltr'><strong>est</strong></span> <span class='ocrx_word' id='word_1_291' title='bbox 2437 2484 2602 2535; x_wconf 90' lang='lat' dir='ltr'><strong>tenor</strong></span> <span class='ocrx_word' id='word_1_292' title='bbox 2621 2484 2680 2535; x_wconf 90' lang='lat' dir='ltr'><strong>et</strong></span> <span class='ocrx_word' id='word_1_293' title='bbox 2701 2474 2896 2551; x_wconf 75' lang='lat' dir='ltr'><strong>vigor3</strong></span> 
     </span>
     <span class='ocr_line' id='line_1_28' title="bbox 473 2553 2899 2632; baseline 0 -19"><span class='ocrx_word' id='word_1_294' title='bbox 473 2554 576 2613; x_wconf 89' lang='lat' dir='ltr'><strong>sed</strong></span> <span class='ocrx_word' id='word_1_295' title='bbox 599 2574 704 2613; x_wconf 87' lang='lat' dir='ltr'><strong>sua</strong></span> <span class='ocrx_word' id='word_1_296' title='bbox 719 2572 1133 2629; x_wconf 87' lang='lat' dir='ltr'><strong>nonnunquam</strong></span> <span class='ocrx_word' id='word_1_297' title='bbox 1156 2553 1372 2630; x_wconf 86' lang='lat' dir='ltr'><strong>patitur</strong></span> <span class='ocrx_word' id='word_1_298' title='bbox 1391 2554 1663 2631; x_wconf 85' lang='lat' dir='ltr'><strong>deliquia,</strong></span> <span class='ocrx_word' id='word_1_299' title='bbox 1680 2556 1891 2632; x_wconf 87' lang='lat' dir='ltr'><strong>quibus</strong></span> <span class='ocrx_word' id='word_1_300' title='bbox 1912 2557 2049 2616; x_wconf 89' lang='lat' dir='ltr'><strong>licet</strong></span> <span class='ocrx_word' id='word_1_301' title='bbox 2072 2557 2161 2615; x_wconf 82' lang='lat' dir='ltr'><strong>vis</strong></span> <span class='ocrx_word' id='word_1_302' title='bbox 2184 2566 2241 2615; x_wconf 89' lang='lat' dir='ltr'><strong>et</strong></span> <span class='ocrx_word' id='word_1_303' title='bbox 2264 2576 2467 2616; x_wconf 86' lang='lat' dir='ltr'><strong>sensus</strong></span> <span class='ocrx_word' id='word_1_304' title='bbox 2486 2556 2621 2615; x_wconf 68' lang='lat' dir='ltr'><strong>vitre</strong></span> <span class='ocrx_word' id='word_1_305' title='bbox 2650 2554 2724 2613; x_wconf 84' lang='lat' dir='ltr'><strong>ad</strong></span> <span class='ocrx_word' id='word_1_306' title='bbox 2752 2564 2899 2614; x_wconf 92' lang='lat' dir='ltr'><strong>tem-</strong></span> 
     </span>
     <span class='ocr_line' id='line_1_29' title="bbox 472 2632 2899 2714; baseline -0 -20"><span class='ocrx_word' id='word_1_307' title='bbox 472 2654 582 2713; x_wconf 88' lang='lat' dir='ltr'><strong>pus</strong></span> <span class='ocrx_word' id='word_1_308' title='bbox 609 2632 1042 2706; x_wconf 83' lang='lat' dir='ltr'><strong>intercludatur,</strong></span> <span class='ocrx_word' id='word_1_309' title='bbox 1063 2633 1191 2710; x_wconf 88' lang='lat' dir='ltr'><strong>ipsa</strong></span> <span class='ocrx_word' id='word_1_310' title='bbox 1216 2642 1410 2692; x_wconf 88' lang='lat' dir='ltr'><strong>tamen</strong></span> <span class='ocrx_word' id='word_1_311' title='bbox 1447 2654 1564 2693; x_wconf 89' lang='lat' dir='ltr'><strong>non</strong></span> <span class='ocrx_word' id='word_1_312' title='bbox 1609 2636 1805 2694; x_wconf 84' lang='lat' dir='ltr'><strong>statim</strong></span> <span class='ocrx_word' id='word_1_313' title='bbox 1833 2637 2227 2713; x_wconf 86' lang='lat' dir='ltr'><strong>extinguitur:</strong></span> <span class='ocrx_word' id='word_1_314' title='bbox 2316 2636 2407 2695; x_wconf 89' lang='lat' dir='ltr'><strong>Ita</strong></span> <span class='ocrx_word' id='word_1_315' title='bbox 2434 2636 2557 2695; x_wconf 83' lang='lat' dir='ltr'><strong>vita</strong></span> <span class='ocrx_word' id='word_1_316' title='bbox 2585 2635 2899 2714; x_wconf 87' lang='lat' dir='ltr'><strong>spiritualis</strong></span> 
     </span>
     <span class='ocr_line' id='line_1_30' title="bbox 473 2713 2899 2794; baseline 0 -21"><span class='ocrx_word' id='word_1_317' title='bbox 473 2716 534 2773; x_wconf 91' lang='lat' dir='ltr'><strong>in</strong></span> <span class='ocrx_word' id='word_1_318' title='bbox 563 2714 840 2791; x_wconf 83' lang='lat' dir='ltr'><strong>gravibus</strong></span> <span class='ocrx_word' id='word_1_319' title='bbox 893 2714 1234 2773; x_wconf 88' lang='lat' dir='ltr'><strong>Sanctorum</strong></span> <span class='ocrx_word' id='word_1_320' title='bbox 1279 2713 1538 2791; x_wconf 84' lang='lat' dir='ltr'><strong>lapsibus</strong></span> <span class='ocrx_word' id='word_1_321' title='bbox 1583 2736 1689 2775; x_wconf 85' lang='lat' dir='ltr'><strong>sua</strong></span> <span class='ocrx_word' id='word_1_322' title='bbox 1708 2716 1885 2775; x_wconf 87' lang='lat' dir='ltr'><strong>habet</strong></span> <span class='ocrx_word' id='word_1_323' title='bbox 1933 2717 2204 2794; x_wconf 88' lang='lat' dir='ltr'><strong>deliquia,</strong></span> <span class='ocrx_word' id='word_1_324' title='bbox 2246 2716 2307 2774; x_wconf 92' lang='lat' dir='ltr'><strong>in</strong></span> <span class='ocrx_word' id='word_1_325' title='bbox 2336 2717 2546 2794; x_wconf 84' lang='lat' dir='ltr'><strong>quibus</strong></span> <span class='ocrx_word' id='word_1_326' title='bbox 2573 2717 2814 2793; x_wconf 87' lang='lat' dir='ltr'><strong>languet</strong></span> <span class='ocrx_word' id='word_1_327' title='bbox 2840 2724 2899 2774; x_wconf 91' lang='lat' dir='ltr'><strong>et</strong></span> 
     </span>
     <span class='ocr_line' id='line_1_31' title="bbox 474 2794 2904 2874; baseline -0.001 -19"><span class='ocrx_word' id='word_1_328' title='bbox 474 2794 774 2874; x_wconf 69' lang='lat' dir='ltr'><strong>praefocari</strong></span> <span class='ocrx_word' id='word_1_329' title='bbox 802 2794 1048 2869; x_wconf 87' lang='lat' dir='ltr'><strong>videtur,</strong></span> <span class='ocrx_word' id='word_1_330' title='bbox 1081 2794 1185 2853; x_wconf 85' lang='lat' dir='ltr'><strong>sed</strong></span> <span class='ocrx_word' id='word_1_331' title='bbox 1211 2814 1328 2853; x_wconf 88' lang='lat' dir='ltr'><strong>non</strong></span> <span class='ocrx_word' id='word_1_332' title='bbox 1348 2796 1518 2873; x_wconf 88' lang='lat' dir='ltr'><strong>plane</strong></span> <span class='ocrx_word' id='word_1_333' title='bbox 1549 2796 1861 2855; x_wconf 84' lang='lat' dir='ltr'><strong>suffocatur</strong></span> <span class='ocrx_word' id='word_1_334' title='bbox 1886 2805 2097 2873; x_wconf 80' lang='lat' dir='ltr'><strong>tamen,</strong></span> <span class='ocrx_word' id='word_1_335' title='bbox 2118 2797 2215 2856; x_wconf 85' lang='lat' dir='ltr'><strong>vel</strong></span> <span class='ocrx_word' id='word_1_336' title='bbox 2242 2796 2635 2874; x_wconf 88' lang='lat' dir='ltr'><strong>extinguitur;</strong></span> <span class='ocrx_word' id='word_1_337' title='bbox 2682 2796 2781 2855; x_wconf 90' lang='lat' dir='ltr'><strong>sed</strong></span> <span class='ocrx_word' id='word_1_338' title='bbox 2800 2815 2904 2873; x_wconf 86' lang='lat' dir='ltr'><strong>per</strong></span> 
     </span>
     <span class='ocr_line' id='line_1_32' title="bbox 471 2874 2901 2955; baseline -0.001 -20"><span class='ocrx_word' id='word_1_339' title='bbox 471 2888 635 2937; x_wconf 86' lang='lat' dir='ltr'><strong>actus</strong></span> <span class='ocrx_word' id='word_1_340' title='bbox 664 2876 1084 2953; x_wconf 83' lang='lat' dir='ltr'><strong>subsequentes</strong></span> <span class='ocrx_word' id='word_1_341' title='bbox 1111 2874 1247 2934; x_wconf 85' lang='lat' dir='ltr'><strong>fidei</strong></span> <span class='ocrx_word' id='word_1_342' title='bbox 1275 2884 1333 2935; x_wconf 92' lang='lat' dir='ltr'><strong>et</strong></span> <span class='ocrx_word' id='word_1_343' title='bbox 1361 2877 1715 2953; x_wconf 71' lang='lat' dir='ltr'><strong>poenitentiae</strong></span> <span class='ocrx_word' id='word_1_344' title='bbox 1760 2878 2127 2950; x_wconf 83' lang='lat' dir='ltr'><strong>instauratur,</strong></span> <span class='ocrx_word' id='word_1_345' title='bbox 2158 2877 2612 2955; x_wconf 88' lang='lat' dir='ltr'><strong>quotiescunque</strong></span> <span class='ocrx_word' id='word_1_346' title='bbox 2630 2888 2901 2954; x_wconf 86' lang='lat' dir='ltr'><strong>peccator</strong></span> 
     </span>
     <span class='ocr_line' id='line_1_33' title="bbox 473 2955 2893 3035; baseline 0 -20"><span class='ocrx_word' id='word_1_347' title='bbox 473 2978 548 3015; x_wconf 90' lang='lat' dir='ltr'><strong>ex</strong></span> <span class='ocrx_word' id='word_1_348' title='bbox 577 2957 891 3016; x_wconf 89' lang='lat' dir='ltr'><strong>tentatione</strong></span> <span class='ocrx_word' id='word_1_349' title='bbox 921 2957 1222 3016; x_wconf 87' lang='lat' dir='ltr'><strong>eluctatur.</strong></span> <span class='ocrx_word' id='word_1_350' title='bbox 1310 2955 1508 3034; x_wconf 88' lang='lat' dir='ltr'><strong>Atque</strong></span> <span class='ocrx_word' id='word_1_351' title='bbox 1553 2957 1651 3015; x_wconf 89' lang='lat' dir='ltr'><strong>hic</strong></span> <span class='ocrx_word' id='word_1_352' title='bbox 1694 2965 1959 3015; x_wconf 88' lang='lat' dir='ltr'><strong>accurate</strong></span> <span class='ocrx_word' id='word_1_353' title='bbox 2007 2957 2417 3035; x_wconf 85' lang='lat' dir='ltr'><strong>distinguenda</strong></span> <span class='ocrx_word' id='word_1_354' title='bbox 2458 2968 2594 3016; x_wconf 89' lang='lat' dir='ltr'><strong>sunt</strong></span> <span class='ocrx_word' id='word_1_355' title='bbox 2622 2958 2733 3015; x_wconf 84' lang='lat' dir='ltr'><strong>ista</strong></span> <span class='ocrx_word' id='word_1_356' title='bbox 2760 2956 2893 3031; x_wconf 80' lang='lat' dir='ltr'><strong>due,</strong></span> 
     </span>
     <span class='ocr_line' id='line_1_34' title="bbox 473 3034 2897 3113; baseline 0 -20"><span class='ocrx_word' id='word_1_357' title='bbox 473 3034 556 3096; x_wconf 88' lang='lat' dir='ltr'><strong>In</strong></span> <span class='ocrx_word' id='word_1_358' title='bbox 607 3038 798 3096; x_wconf 78' lang='lat' dir='ltr'><strong>Carne</strong></span> <span class='ocrx_word' id='word_1_359' title='bbox 845 3038 1044 3111; x_wconf 81' lang='lat' dir='ltr'><strong>vivere,</strong></span> <span class='ocrx_word' id='word_1_360' title='bbox 1096 3046 1156 3097; x_wconf 90' lang='lat' dir='ltr'><strong>et</strong></span> <span class='ocrx_word' id='word_1_361' title='bbox 1204 3038 1506 3096; x_wconf 77' lang='lat' dir='ltr'><strong>secundum</strong></span> <span class='ocrx_word' id='word_1_362' title='bbox 1555 3038 1803 3097; x_wconf 82' lang='lat' dir='ltr'><strong>Carnem</strong></span> <span class='ocrx_word' id='word_1_363' title='bbox 1824 3039 2156 3110; x_wconf 79' lang='lat' dir='ltr'><strong>ambulare;</strong></span> <span class='ocrx_word' id='word_1_364' title='bbox 2204 3038 2467 3113; x_wconf 89' lang='lat' dir='ltr'><strong>Peccare,</strong></span> <span class='ocrx_word' id='word_1_365' title='bbox 2498 3046 2556 3096; x_wconf 90' lang='lat' dir='ltr'><strong>et</strong></span> <span class='ocrx_word' id='word_1_366' title='bbox 2588 3037 2897 3095; x_wconf 87' lang='lat' dir='ltr'><strong>Peccatum</strong></span> 
     </span>
     <span class='ocr_line' id='line_1_35' title="bbox 473 3114 2901 3196; baseline 0.001 -23"><span class='ocrx_word' id='word_1_367' title='bbox 473 3114 677 3189; x_wconf 88' lang='lat' dir='ltr'><strong>facere,</strong></span> <span class='ocrx_word' id='word_1_368' title='bbox 709 3117 828 3174; x_wconf 90' lang='lat' dir='ltr'><strong>labi</strong></span> <span class='ocrx_word' id='word_1_369' title='bbox 857 3118 914 3175; x_wconf 92' lang='lat' dir='ltr'><strong>in</strong></span> <span class='ocrx_word' id='word_1_370' title='bbox 946 3126 1260 3194; x_wconf 90' lang='lat' dir='ltr'><strong>peccatum,</strong></span> <span class='ocrx_word' id='word_1_371' title='bbox 1293 3126 1350 3176; x_wconf 88' lang='lat' dir='ltr'><strong>et</strong></span> <span class='ocrx_word' id='word_1_372' title='bbox 1377 3118 1438 3175; x_wconf 87' lang='lat' dir='ltr'><strong>iu</strong></span> <span class='ocrx_word' id='word_1_373' title='bbox 1467 3118 1614 3176; x_wconf 89' lang='lat' dir='ltr'><strong>illud</strong></span> <span class='ocrx_word' id='word_1_374' title='bbox 1642 3126 1766 3177; x_wconf 86' lang='lat' dir='ltr'><strong>toto</strong></span> <span class='ocrx_word' id='word_1_375' title='bbox 1804 3118 2021 3195; x_wconf 89' lang='lat' dir='ltr'><strong>impetu</strong></span> <span class='ocrx_word' id='word_1_376' title='bbox 2064 3137 2127 3176; x_wconf 88' lang='lat' dir='ltr'><strong>se</strong></span> <span class='ocrx_word' id='word_1_377' title='bbox 2174 3138 2349 3194; x_wconf 89' lang='lat' dir='ltr'><strong>agere</strong></span> <span class='ocrx_word' id='word_1_378' title='bbox 2376 3118 2765 3196; x_wconf 78' lang='lat' dir='ltr'><strong>proecipitem3</strong></span> <span class='ocrx_word' id='word_1_379' title='bbox 2815 3116 2901 3176; x_wconf 89' lang='lat' dir='ltr'><strong>Ut</strong></span> 
     </span>
     <span class='ocr_line' id='line_1_36' title="bbox 473 3193 2899 3275; baseline 0.002 -25"><span class='ocrx_word' id='word_1_380' title='bbox 473 3193 633 3251; x_wconf 88' lang='lat' dir='ltr'><strong>aliud</strong></span> <span class='ocrx_word' id='word_1_381' title='bbox 661 3202 750 3252; x_wconf 88' lang='lat' dir='ltr'><strong>est</strong></span> <span class='ocrx_word' id='word_1_382' title='bbox 777 3195 896 3253; x_wconf 90' lang='lat' dir='ltr'><strong>labi</strong></span> <span class='ocrx_word' id='word_1_383' title='bbox 923 3196 984 3253; x_wconf 88' lang='lat' dir='ltr'><strong>in</strong></span> <span class='ocrx_word' id='word_1_384' title='bbox 1011 3197 1214 3271; x_wconf 91' lang='lat' dir='ltr'><strong>lutum,</strong></span> <span class='ocrx_word' id='word_1_385' title='bbox 1239 3197 1415 3269; x_wconf 86' lang='lat' dir='ltr'><strong>aliud,</strong></span> <span class='ocrx_word' id='word_1_386' title='bbox 1447 3216 1509 3255; x_wconf 88' lang='lat' dir='ltr'><strong>se</strong></span> <span class='ocrx_word' id='word_1_387' title='bbox 1548 3198 1608 3254; x_wconf 91' lang='lat' dir='ltr'><strong>in</strong></span> <span class='ocrx_word' id='word_1_388' title='bbox 1654 3198 1841 3256; x_wconf 90' lang='lat' dir='ltr'><strong>lutum</strong></span> <span class='ocrx_word' id='word_1_389' title='bbox 1891 3198 2188 3275; x_wconf 87' lang='lat' dir='ltr'><strong>projicere,</strong></span> <span class='ocrx_word' id='word_1_390' title='bbox 2240 3207 2299 3257; x_wconf 92' lang='lat' dir='ltr'><strong>et</strong></span> <span class='ocrx_word' id='word_1_391' title='bbox 2318 3198 2400 3256; x_wconf 89' lang='lat' dir='ltr'><strong>ibi</strong></span> <span class='ocrx_word' id='word_1_392' title='bbox 2436 3218 2569 3257; x_wconf 89' lang='lat' dir='ltr'><strong>cum</strong></span> <span class='ocrx_word' id='word_1_393' title='bbox 2598 3197 2899 3275; x_wconf 80' lang='lat' dir='ltr'><strong>voluptate</strong></span> 
     </span>
     <span class='ocr_line' id='line_1_37' title="bbox 472 3271 2899 3355; baseline 0.002 -27"><span class='ocrx_word' id='word_1_394' title='bbox 472 3271 741 3345; x_wconf 85' lang='lat' dir='ltr'><strong>volutari,</strong></span> <span class='ocrx_word' id='word_1_395' title='bbox 774 3294 1015 3349; x_wconf 90' lang='lat' dir='ltr'><strong>quorum</strong></span> <span class='ocrx_word' id='word_1_396' title='bbox 1045 3275 1106 3331; x_wconf 89' lang='lat' dir='ltr'><strong>in</strong></span> <span class='ocrx_word' id='word_1_397' title='bbox 1135 3275 1315 3333; x_wconf 86' lang='lat' dir='ltr'><strong>altero</strong></span> <span class='ocrx_word' id='word_1_398' title='bbox 1344 3277 1649 3335; x_wconf 88' lang='lat' dir='ltr'><strong>consilium</strong></span> <span class='ocrx_word' id='word_1_399' title='bbox 1679 3278 1832 3349; x_wconf 81' lang='lat' dir='ltr'><strong>vitae,</strong></span> <span class='ocrx_word' id='word_1_400' title='bbox 1858 3278 1917 3335; x_wconf 91' lang='lat' dir='ltr'><strong>in</strong></span> <span class='ocrx_word' id='word_1_401' title='bbox 1947 3278 2127 3337; x_wconf 91' lang='lat' dir='ltr'><strong>altero</strong></span> <span class='ocrx_word' id='word_1_402' title='bbox 2148 3298 2351 3353; x_wconf 82' lang='lat' dir='ltr'><strong>casus3</strong></span> <span class='ocrx_word' id='word_1_403' title='bbox 2399 3279 2470 3335; x_wconf 92' lang='lat' dir='ltr'><strong>In</strong></span> <span class='ocrx_word' id='word_1_404' title='bbox 2498 3279 2607 3337; x_wconf 90' lang='lat' dir='ltr'><strong>hoc</strong></span> <span class='ocrx_word' id='word_1_405' title='bbox 2636 3277 2778 3337; x_wconf 87' lang='lat' dir='ltr'><strong>dura</strong></span> <span class='ocrx_word' id='word_1_406' title='bbox 2796 3297 2899 3355; x_wconf 90' lang='lat' dir='ltr'><strong>per</strong></span> 
     </span>
     <span class='ocr_line' id='line_1_38' title="bbox 471 3350 2899 3431; baseline 0.002 -22"><span class='ocrx_word' id='word_1_407' title='bbox 471 3350 844 3427; x_wconf 86' lang='lat' dir='ltr'><strong>fragilitatem</strong></span> <span class='ocrx_word' id='word_1_408' title='bbox 873 3362 1125 3411; x_wconf 84' lang='lat' dir='ltr'><strong>nostram</strong></span> <span class='ocrx_word' id='word_1_409' title='bbox 1149 3355 1425 3429; x_wconf 87' lang='lat' dir='ltr'><strong>peccandi</strong></span> <span class='ocrx_word' id='word_1_410' title='bbox 1453 3356 1784 3431; x_wconf 83' lang='lat' dir='ltr'><strong>necessitas,</strong></span> <span class='ocrx_word' id='word_1_411' title='bbox 1810 3358 1869 3415; x_wconf 90' lang='lat' dir='ltr'><strong>in</strong></span> <span class='ocrx_word' id='word_1_412' title='bbox 1898 3358 1999 3417; x_wconf 88' lang='lat' dir='ltr'><strong>illo</strong></span> <span class='ocrx_word' id='word_1_413' title='bbox 2044 3367 2200 3417; x_wconf 85' lang='lat' dir='ltr'><strong>certa</strong></span> <span class='ocrx_word' id='word_1_414' title='bbox 2226 3368 2286 3418; x_wconf 89' lang='lat' dir='ltr'><strong>et</strong></span> <span class='ocrx_word' id='word_1_415' title='bbox 2312 3359 2599 3417; x_wconf 84' lang='lat' dir='ltr'><strong>destinata</strong></span> <span class='ocrx_word' id='word_1_416' title='bbox 2626 3357 2899 3416; x_wconf 78' lang='lat' dir='ltr'><strong>voluntas</strong></span> 
     </span>
     <span class='ocr_line' id='line_1_39' title="bbox 473 3430 2893 3515; baseline 0.002 -26"><span class='ocrx_word' id='word_1_417' title='bbox 473 3441 582 3491; x_wconf 86' lang='lat' dir='ltr'><strong>est.</strong></span> <span class='ocrx_word' id='word_1_418' title='bbox 669 3430 838 3489; x_wconf 89' lang='lat' dir='ltr'><strong>Prius</strong></span> <span class='ocrx_word' id='word_1_419' title='bbox 865 3431 1010 3490; x_wconf 89' lang='lat' dir='ltr'><strong>bene</strong></span> <span class='ocrx_word' id='word_1_420' title='bbox 1039 3433 1113 3490; x_wconf 91' lang='lat' dir='ltr'><strong>de</strong></span> <span class='ocrx_word' id='word_1_421' title='bbox 1140 3432 1410 3491; x_wconf 85' lang='lat' dir='ltr'><strong>fidelibus</strong></span> <span class='ocrx_word' id='word_1_422' title='bbox 1437 3435 1681 3505; x_wconf 89' lang='lat' dir='ltr'><strong>dicitur;</strong></span> <span class='ocrx_word' id='word_1_423' title='bbox 1727 3437 1829 3495; x_wconf 89' lang='lat' dir='ltr'><strong>sed</strong></span> <span class='ocrx_word' id='word_1_424' title='bbox 1847 3458 1961 3497; x_wconf 89' lang='lat' dir='ltr'><strong>non</strong></span> <span class='ocrx_word' id='word_1_425' title='bbox 1992 3440 2313 3515; x_wconf 84' lang='lat' dir='ltr'><strong>posterius:</strong></span> <span class='ocrx_word' id='word_1_426' title='bbox 2364 3438 2425 3497; x_wconf 89' lang='lat' dir='ltr'><strong>Si</strong></span> <span class='ocrx_word' id='word_1_427' title='bbox 2454 3439 2605 3497; x_wconf 90' lang='lat' dir='ltr'><strong>enim</strong></span> <span class='ocrx_word' id='word_1_428' title='bbox 2634 3446 2893 3514; x_wconf 88' lang='lat' dir='ltr'><strong>peccant,</strong></span> 
     </span>
     <span class='ocr_line' id='line_1_40' title="bbox 473 3512 2898 3595; baseline 0.002 -26"><span class='ocrx_word' id='word_1_429' title='bbox 473 3532 768 3589; x_wconf 84' lang='lat' dir='ltr'><strong>nunquam</strong></span> <span class='ocrx_word' id='word_1_430' title='bbox 798 3512 968 3589; x_wconf 91' lang='lat' dir='ltr'><strong>pleno</strong></span> <span class='ocrx_word' id='word_1_431' title='bbox 997 3532 1282 3571; x_wconf 89' lang='lat' dir='ltr'><strong>consensu</strong></span> <span class='ocrx_word' id='word_1_432' title='bbox 1310 3522 1368 3572; x_wconf 91' lang='lat' dir='ltr'><strong>et</strong></span> <span class='ocrx_word' id='word_1_433' title='bbox 1411 3514 1730 3575; x_wconf 87' lang='lat' dir='ltr'><strong>deliberata</strong></span> <span class='ocrx_word' id='word_1_434' title='bbox 1768 3518 2067 3577; x_wconf 86' lang='lat' dir='ltr'><strong>voluntate</strong></span> <span class='ocrx_word' id='word_1_435' title='bbox 2116 3538 2183 3577; x_wconf 88' lang='lat' dir='ltr'><strong>ac</strong></span> <span class='ocrx_word' id='word_1_436' title='bbox 2229 3519 2609 3577; x_wconf 84' lang='lat' dir='ltr'><strong>delectatione</strong></span> <span class='ocrx_word' id='word_1_437' title='bbox 2636 3525 2898 3595; x_wconf 87' lang='lat' dir='ltr'><strong>peccant,</strong></span> 
     </span>
     <span class='ocr_line' id='line_1_41' title="bbox 473 3594 2897 3676; baseline 0.001 -24"><span class='ocrx_word' id='word_1_438' title='bbox 473 3600 540 3653; x_wconf 90' lang='lat' dir='ltr'><strong>ut</strong></span> <span class='ocrx_word' id='word_1_439' title='bbox 568 3594 838 3653; x_wconf 87' lang='lat' dir='ltr'><strong>voluntas</strong></span> <span class='ocrx_word' id='word_1_440' title='bbox 867 3600 988 3653; x_wconf 91' lang='lat' dir='ltr'><strong>tota</strong></span> <span class='ocrx_word' id='word_1_441' title='bbox 1009 3594 1237 3653; x_wconf 87' lang='lat' dir='ltr'><strong>nonnisi</strong></span> <span class='ocrx_word' id='word_1_442' title='bbox 1267 3604 1503 3670; x_wconf 90' lang='lat' dir='ltr'><strong>peccato</strong></span> <span class='ocrx_word' id='word_1_443' title='bbox 1531 3594 1763 3655; x_wconf 88' lang='lat' dir='ltr'><strong>addicta</strong></span> <span class='ocrx_word' id='word_1_444' title='bbox 1785 3598 1877 3673; x_wconf 87' lang='lat' dir='ltr'><strong>sit,</strong></span> <span class='ocrx_word' id='word_1_445' title='bbox 1908 3606 1973 3656; x_wconf 89' lang='lat' dir='ltr'><strong>ut</strong></span> <span class='ocrx_word' id='word_1_446' title='bbox 2000 3598 2066 3657; x_wconf 83' lang='lat' dir='ltr'><strong>fit</strong></span> <span class='ocrx_word' id='word_1_447' title='bbox 2094 3598 2155 3655; x_wconf 91' lang='lat' dir='ltr'><strong>in</strong></span> <span class='ocrx_word' id='word_1_448' title='bbox 2181 3598 2253 3656; x_wconf 89' lang='lat' dir='ltr'><strong>iis</strong></span> <span class='ocrx_word' id='word_1_449' title='bbox 2283 3599 2381 3676; x_wconf 92' lang='lat' dir='ltr'><strong>qui</strong></span> <span class='ocrx_word' id='word_1_450' title='bbox 2410 3608 2587 3657; x_wconf 86' lang='lat' dir='ltr'><strong>artem</strong></span> <span class='ocrx_word' id='word_1_451' title='bbox 2618 3597 2897 3675; x_wconf 88' lang='lat' dir='ltr'><strong>peccandi</strong></span> 
     </span>
     <span class='ocr_line' id='line_1_42' title="bbox 472 3674 2899 3751; baseline 0.001 -18"><span class='ocrx_word' id='word_1_452' title='bbox 472 3682 766 3747; x_wconf 88' lang='lat' dir='ltr'><strong>exercent,</strong></span> <span class='ocrx_word' id='word_1_453' title='bbox 797 3683 854 3733; x_wconf 89' lang='lat' dir='ltr'><strong>et</strong></span> <span class='ocrx_word' id='word_1_454' title='bbox 875 3674 976 3751; x_wconf 91' lang='lat' dir='ltr'><strong>qui</strong></span> <span class='ocrx_word' id='word_1_455' title='bbox 997 3693 1128 3732; x_wconf 89' lang='lat' dir='ltr'><strong>cum</strong></span> <span class='ocrx_word' id='word_1_456' title='bbox 1157 3674 1452 3751; x_wconf 81' lang='lat' dir='ltr'><strong>voluptate</strong></span> <span class='ocrx_word' id='word_1_457' title='bbox 1480 3684 1635 3735; x_wconf 90' lang='lat' dir='ltr'><strong>totos</strong></span> <span class='ocrx_word' id='word_1_458' title='bbox 1664 3697 1725 3736; x_wconf 89' lang='lat' dir='ltr'><strong>se</strong></span> <span class='ocrx_word' id='word_1_459' title='bbox 1756 3678 1913 3736; x_wconf 89' lang='lat' dir='ltr'><strong>carni</strong></span> <span class='ocrx_word' id='word_1_460' title='bbox 1940 3677 2193 3751; x_wconf 85' lang='lat' dir='ltr'><strong>tradunt,</strong></span> <span class='ocrx_word' id='word_1_461' title='bbox 2224 3687 2282 3737; x_wconf 91' lang='lat' dir='ltr'><strong>et</strong></span> <span class='ocrx_word' id='word_1_462' title='bbox 2308 3700 2411 3736; x_wconf 65' lang='lat' dir='ltr'><strong>nm</strong></span> <span class='ocrx_word' id='word_1_463' title='bbox 2442 3703 2526 3739; x_wconf 60' lang='grc' dir='ltr'><strong>πη.</strong></span> <span class='ocrx_word' id='word_1_464' title='bbox 2556 3682 2707 3736; x_wconf 81' lang='lat' dir='ltr'><strong>elata</strong></span> <span class='ocrx_word' id='word_1_465' title='bbox 2722 3698 2899 3736; x_wconf 81' lang='lat' dir='ltr'><strong>manu</strong></span> 
     </span>
     <span class='ocr_line' id='line_1_43' title="bbox 473 3755 2897 3835; baseline 0 -22"><span class='ocrx_word' id='word_1_466' title='bbox 473 3774 711 3833; x_wconf 85' lang='lat' dir='ltr'><strong>peccare</strong></span> <span class='ocrx_word' id='word_1_467' title='bbox 741 3755 1026 3827; x_wconf 88' lang='lat' dir='ltr'><strong>dicuntur,</strong></span> <span class='ocrx_word' id='word_1_468' title='bbox 1049 3755 1149 3831; x_wconf 91' lang='lat' dir='ltr'><strong>qui</strong></span> <span class='ocrx_word' id='word_1_469' title='bbox 1177 3755 1238 3812; x_wconf 90' lang='lat' dir='ltr'><strong>in</strong></span> <span class='ocrx_word' id='word_1_470' title='bbox 1265 3755 1560 3832; x_wconf 85' lang='lat' dir='ltr'><strong>Scriptura</strong></span> <span class='ocrx_word' id='word_1_471' title='bbox 1581 3756 1713 3815; x_wconf 91' lang='lat' dir='ltr'><strong>ideo</strong></span> <span class='ocrx_word' id='word_1_472' title='bbox 1732 3768 2059 3833; x_wconf 81' lang='lat' dir='ltr'><strong>peccatores</strong></span> <span class='ocrx_word' id='word_1_473' title='bbox 2084 3757 2203 3817; x_wconf 71' lang='grc' dir='ltr'><strong>κατ’</strong></span> <span class='ocrx_word' id='word_1_474' title='bbox 2222 3761 2389 3835; x_wconf 52' lang='lat' dir='ltr'><strong>tinxi„</strong></span> <span class='ocrx_word' id='word_1_475' title='bbox 2417 3768 2729 3832; x_wconf 81' lang='lat' dir='ltr'><strong>vocantur;</strong></span> <span class='ocrx_word' id='word_1_476' title='bbox 2778 3756 2897 3817; x_wconf 89' lang='lat' dir='ltr'><strong>Sed</strong></span> 
     </span>
     <span class='ocr_line' id='line_1_44' title="bbox 475 3835 2897 3916; baseline 0.001 -23"><span class='ocrx_word' id='word_1_477' title='bbox 475 3854 700 3913; x_wconf 89' lang='lat' dir='ltr'><strong>semper</strong></span> <span class='ocrx_word' id='word_1_478' title='bbox 727 3836 1068 3895; x_wconf 85' lang='lat' dir='ltr'><strong>reluctantia</strong></span> <span class='ocrx_word' id='word_1_479' title='bbox 1095 3835 1358 3912; x_wconf 84' lang='lat' dir='ltr'><strong>quaedam</strong></span> <span class='ocrx_word' id='word_1_480' title='bbox 1389 3844 1447 3894; x_wconf 91' lang='lat' dir='ltr'><strong>et</strong></span> <span class='ocrx_word' id='word_1_481' title='bbox 1475 3836 1641 3895; x_wconf 93' lang='lat' dir='ltr'><strong>dolor</strong></span> <span class='ocrx_word' id='word_1_482' title='bbox 1668 3839 1764 3896; x_wconf 84' lang='lat' dir='ltr'><strong>vel</strong></span> <span class='ocrx_word' id='word_1_483' title='bbox 1791 3838 2081 3916; x_wconf 72' lang='lat' dir='ltr'><strong>praecedit,</strong></span> <span class='ocrx_word' id='word_1_484' title='bbox 2112 3838 2209 3897; x_wconf 82' lang='lat' dir='ltr'><strong>vel</strong></span> <span class='ocrx_word' id='word_1_485' title='bbox 2259 3840 2532 3916; x_wconf 89' lang='lat' dir='ltr'><strong>sequitur,</strong></span> <span class='ocrx_word' id='word_1_486' title='bbox 2564 3848 2629 3897; x_wconf 90' lang='lat' dir='ltr'><strong>ut</strong></span> <span class='ocrx_word' id='word_1_487' title='bbox 2657 3838 2752 3895; x_wconf 85' lang='lat' dir='ltr'><strong>vel</strong></span> <span class='ocrx_word' id='word_1_488' title='bbox 2779 3856 2897 3896; x_wconf 87' lang='lat' dir='ltr'><strong>non</strong></span> 
     </span>
     <span class='ocr_line' id='line_1_45' title="bbox 475 3915 2893 3997; baseline 0.001 -24"><span class='ocrx_word' id='word_1_489' title='bbox 475 3915 598 3974; x_wconf 89' lang='lat' dir='ltr'><strong>sine</strong></span> <span class='ocrx_word' id='word_1_490' title='bbox 621 3916 814 3975; x_wconf 89' lang='lat' dir='ltr'><strong>renisu</strong></span> <span class='ocrx_word' id='word_1_491' title='bbox 843 3915 1202 3975; x_wconf 85' lang='lat' dir='ltr'><strong>committant</strong></span> <span class='ocrx_word' id='word_1_492' title='bbox 1223 3915 1494 3993; x_wconf 88' lang='lat' dir='ltr'><strong>lugenda,</strong></span> <span class='ocrx_word' id='word_1_493' title='bbox 1525 3918 1623 3975; x_wconf 86' lang='lat' dir='ltr'><strong>vel</strong></span> <span class='ocrx_word' id='word_1_494' title='bbox 1672 3918 1721 3976; x_wconf 90' lang='lat' dir='ltr'><strong>si</strong></span> <span class='ocrx_word' id='word_1_495' title='bbox 1762 3919 2141 3977; x_wconf 85' lang='lat' dir='ltr'><strong>tentationum</strong></span> <span class='ocrx_word' id='word_1_496' title='bbox 2173 3928 2317 3978; x_wconf 85' lang='lat' dir='ltr'><strong>aestu</strong></span> <span class='ocrx_word' id='word_1_497' title='bbox 2346 3919 2569 3997; x_wconf 83' lang='lat' dir='ltr'><strong>abrepti</strong></span> <span class='ocrx_word' id='word_1_498' title='bbox 2590 3918 2664 3977; x_wconf 88' lang='lat' dir='ltr'><strong>ad</strong></span> <span class='ocrx_word' id='word_1_499' title='bbox 2692 3938 2893 3995; x_wconf 91' lang='lat' dir='ltr'><strong>pecca-</strong></span> 
     </span>
     <span class='ocr_line' id='line_1_46' title="bbox 472 3996 2896 4077; baseline 0 -24"><span class='ocrx_word' id='word_1_500' title='bbox 472 4003 596 4053; x_wconf 89' lang='lat' dir='ltr'><strong>tum</strong></span> <span class='ocrx_word' id='word_1_501' title='bbox 627 3996 886 4056; x_wconf 87' lang='lat' dir='ltr'><strong>feruntur</strong></span> <span class='ocrx_word' id='word_1_502' title='bbox 911 3996 1090 4054; x_wconf 90' lang='lat' dir='ltr'><strong>nimio</strong></span> <span class='ocrx_word' id='word_1_503' title='bbox 1119 4016 1247 4055; x_wconf 88' lang='lat' dir='ltr'><strong>cum</strong></span> <span class='ocrx_word' id='word_1_504' title='bbox 1279 3996 1514 4074; x_wconf 89' lang='lat' dir='ltr'><strong>impetu,</strong></span> <span class='ocrx_word' id='word_1_505' title='bbox 1547 3997 1789 4074; x_wconf 84' lang='lat' dir='ltr'><strong>lugeant</strong></span> <span class='ocrx_word' id='word_1_506' title='bbox 1827 4007 2029 4076; x_wconf 88' lang='lat' dir='ltr'><strong>postea</strong></span> <span class='ocrx_word' id='word_1_507' title='bbox 2066 3998 2389 4077; x_wconf 87' lang='lat' dir='ltr'><strong>commissa,</strong></span> <span class='ocrx_word' id='word_1_508' title='bbox 2415 4008 2473 4060; x_wconf 91' lang='lat' dir='ltr'><strong>et</strong></span> <span class='ocrx_word' id='word_1_509' title='bbox 2500 4000 2649 4059; x_wconf 86' lang='lat' dir='ltr'><strong>serio</strong></span> <span class='ocrx_word' id='word_1_510' title='bbox 2679 3998 2751 4057; x_wconf 87' lang='lat' dir='ltr'><strong>de</strong></span> <span class='ocrx_word' id='word_1_511' title='bbox 2778 3997 2896 4055; x_wconf 85' lang='lat' dir='ltr'><strong>illis</strong></span> 
     </span>
     <span class='ocr_line' id='line_1_47' title="bbox 471 4074 1034 4136; baseline 0.004 -3"><span class='ocrx_word' id='word_1_512' title='bbox 471 4074 670 4135; x_wconf 88' lang='lat' dir='ltr'><strong>dolore</strong></span> <span class='ocrx_word' id='word_1_513' title='bbox 699 4074 1034 4136; x_wconf 86' lang='lat' dir='ltr'><strong>afficiantur.</strong></span> 
     </span>
    </p>

    <p class='ocr_par' dir='ltr' id='par_1_4' title="bbox 473 4156 2895 4718">
     <span class='ocr_line' id='line_1_48' title="bbox 560 4156 2891 4238; baseline 0 -23"><span class='ocrx_word' id='word_1_514' title='bbox 560 4156 819 4217; x_wconf 88' lang='lat' dir='ltr'>XXIX.</span> <span class='ocrx_word' id='word_1_515' title='bbox 865 4158 1063 4234; x_wconf 86' lang='lat' dir='ltr'><strong>Atque</strong></span> <span class='ocrx_word' id='word_1_516' title='bbox 1111 4156 1247 4216; x_wconf 88' lang='lat' dir='ltr'><strong>hinc</strong></span> <span class='ocrx_word' id='word_1_517' title='bbox 1291 4177 1408 4215; x_wconf 91' lang='lat' dir='ltr'><strong>non</strong></span> <span class='ocrx_word' id='word_1_518' title='bbox 1457 4156 1765 4217; x_wconf 85' lang='lat' dir='ltr'><strong>difficulter</strong></span> <span class='ocrx_word' id='word_1_519' title='bbox 1792 4158 2117 4237; x_wconf 88' lang='lat' dir='ltr'><strong>colligitur;</strong></span> <span class='ocrx_word' id='word_1_520' title='bbox 2164 4180 2279 4238; x_wconf 92' lang='lat' dir='ltr'><strong>quo</strong></span> <span class='ocrx_word' id='word_1_521' title='bbox 2308 4169 2477 4237; x_wconf 87' lang='lat' dir='ltr'><strong>pacto</strong></span> <span class='ocrx_word' id='word_1_522' title='bbox 2529 4158 2705 4218; x_wconf 86' lang='lat' dir='ltr'><strong>Fides</strong></span> <span class='ocrx_word' id='word_1_523' title='bbox 2760 4178 2891 4217; x_wconf 91' lang='lat' dir='ltr'><strong>cum</strong></span> 
     </span>
     <span class='ocr_line' id='line_1_49' title="bbox 473 4237 2893 4315; baseline 0.001 -23"><span class='ocrx_word' id='word_1_524' title='bbox 473 4237 728 4313; x_wconf 89' lang='lat' dir='ltr'><strong>peccatis</strong></span> <span class='ocrx_word' id='word_1_525' title='bbox 777 4238 1055 4315; x_wconf 87' lang='lat' dir='ltr'><strong>gravibus</strong></span> <span class='ocrx_word' id='word_1_526' title='bbox 1098 4238 1410 4297; x_wconf 86' lang='lat' dir='ltr'><strong>subsistere</strong></span> <span class='ocrx_word' id='word_1_527' title='bbox 1453 4247 1629 4315; x_wconf 89' lang='lat' dir='ltr'><strong>queat</strong></span> <span class='ocrx_word' id='word_1_528' title='bbox 1653 4262 1666 4314; x_wconf 92' lang='lat'>;</span> <span class='ocrx_word' id='word_1_529' title='bbox 1713 4238 1838 4297; x_wconf 89' lang='lat' dir='ltr'><strong>scil.</strong></span> <span class='ocrx_word' id='word_1_530' title='bbox 1884 4239 2185 4313; x_wconf 85' lang='lat' dir='ltr'><strong>Quomodo</strong></span> <span class='ocrx_word' id='word_1_531' title='bbox 2234 4242 2529 4299; x_wconf 78' lang='lat' dir='ltr'><strong>contraria</strong></span> <span class='ocrx_word' id='word_1_532' title='bbox 2580 4241 2643 4299; x_wconf 91' lang='lat' dir='ltr'><strong>in</strong></span> <span class='ocrx_word' id='word_1_533' title='bbox 2688 4238 2893 4299; x_wconf 87' lang='lat' dir='ltr'><strong>eodem</strong></span> 
     </span>
     <span class='ocr_line' id='line_1_50' title="bbox 477 4314 2893 4397; baseline 0.002 -26"><span class='ocrx_word' id='word_1_534' title='bbox 477 4314 740 4388; x_wconf 90' lang='lat' dir='ltr'><strong>subjecto</strong></span> <span class='ocrx_word' id='word_1_535' title='bbox 771 4326 920 4375; x_wconf 86' lang='lat' dir='ltr'><strong>stare</strong></span> <span class='ocrx_word' id='word_1_536' title='bbox 951 4326 1208 4394; x_wconf 86' lang='lat' dir='ltr'><strong>possunt,</strong></span> <span class='ocrx_word' id='word_1_537' title='bbox 1241 4317 1345 4376; x_wconf 87' lang='lat' dir='ltr'><strong>sed</strong></span> <span class='ocrx_word' id='word_1_538' title='bbox 1371 4318 1431 4374; x_wconf 88' lang='lat' dir='ltr'><strong>in</strong></span> <span class='ocrx_word' id='word_1_539' title='bbox 1456 4321 1653 4394; x_wconf 72' lang='lat' dir='ltr'><strong>qradu</strong></span> <span class='ocrx_word' id='word_1_540' title='bbox 1699 4320 1929 4377; x_wconf 61' lang='lat' dir='ltr'><strong>remisso</strong></span> <span class='ocrx_word' id='word_1_541' title='bbox 1948 4343 1966 4377; x_wconf 94' lang='grc'><strong>.·</strong></span> <span class='ocrx_word' id='word_1_542' title='bbox 2011 4319 2177 4379; x_wconf 89' lang='lat' dir='ltr'><strong>Licet</strong></span> <span class='ocrx_word' id='word_1_543' title='bbox 2220 4322 2373 4379; x_wconf 90' lang='lat' dir='ltr'><strong>enim</strong></span> <span class='ocrx_word' id='word_1_544' title='bbox 2402 4331 2566 4381; x_wconf 89' lang='lat' dir='ltr'><strong>actus</strong></span> <span class='ocrx_word' id='word_1_545' title='bbox 2610 4320 2893 4397; x_wconf 88' lang='lat' dir='ltr'><strong>peccami-</strong></span> 
     </span>
     <span class='ocr_line' id='line_1_51' title="bbox 477 4392 2892 4478; baseline 0.004 -30"><span class='ocrx_word' id='word_1_546' title='bbox 477 4392 626 4463; x_wconf 85' lang='lat' dir='ltr'><strong>nosi,</strong></span> <span class='ocrx_word' id='word_1_547' title='bbox 657 4392 792 4451; x_wconf 89' lang='lat' dir='ltr'><strong>dum</strong></span> <span class='ocrx_word' id='word_1_548' title='bbox 823 4416 950 4455; x_wconf 88' lang='lat' dir='ltr'><strong>sese</strong></span> <span class='ocrx_word' id='word_1_549' title='bbox 979 4408 1225 4457; x_wconf 87' lang='lat' dir='ltr'><strong>exerunt</strong></span> <span class='ocrx_word' id='word_1_550' title='bbox 1253 4398 1314 4456; x_wconf 89' lang='lat' dir='ltr'><strong>in</strong></span> <span class='ocrx_word' id='word_1_551' title='bbox 1360 4398 1545 4475; x_wconf 89' lang='lat' dir='ltr'><strong>nobis,</strong></span> <span class='ocrx_word' id='word_1_552' title='bbox 1592 4398 1801 4458; x_wconf 86' lang='lat' dir='ltr'><strong>tollant</strong></span> <span class='ocrx_word' id='word_1_553' title='bbox 1830 4418 2031 4459; x_wconf 84' lang='lat' dir='ltr'><strong>revera</strong></span> <span class='ocrx_word' id='word_1_554' title='bbox 2079 4408 2243 4459; x_wconf 84' lang='lat' dir='ltr'><strong>actus</strong></span> <span class='ocrx_word' id='word_1_555' title='bbox 2264 4402 2511 4478; x_wconf 55' lang='lat' dir='ltr'><strong>justitias</strong></span> <span class='ocrx_word' id='word_1_556' title='bbox 2540 4410 2598 4459; x_wconf 90' lang='lat' dir='ltr'><strong>et</strong></span> <span class='ocrx_word' id='word_1_557' title='bbox 2626 4400 2763 4459; x_wconf 88' lang='lat' dir='ltr'><strong>fidei</strong></span> <span class='ocrx_word' id='word_1_558' title='bbox 2790 4418 2892 4476; x_wconf 87' lang='lat' dir='ltr'><strong>op·</strong></span> 
     </span>
     <span class='ocr_line' id='line_1_52' title="bbox 478 4470 2893 4561; baseline 0.004 -34"><span class='ocrx_word' id='word_1_559' title='bbox 478 4470 702 4561; x_wconf 74' lang='lat' dir='ltr'><strong>positos</strong></span> <span class='ocrx_word' id='word_1_560' title='bbox 721 4482 780 4529; x_wconf 91' lang='lat' dir='ltr'><strong>et</strong></span> <span class='ocrx_word' id='word_1_561' title='bbox 801 4473 1032 4535; x_wconf 82' lang='lat' dir='ltr'><strong>habitus</strong></span> <span class='ocrx_word' id='word_1_562' title='bbox 1059 4478 1234 4536; x_wconf 88' lang='lat' dir='ltr'><strong>etiam</strong></span> <span class='ocrx_word' id='word_1_563' title='bbox 1261 4479 1420 4554; x_wconf 90' lang='lat' dir='ltr'><strong>ipsos</strong></span> <span class='ocrx_word' id='word_1_564' title='bbox 1441 4497 1555 4537; x_wconf 89' lang='lat' dir='ltr'><strong>non</strong></span> <span class='ocrx_word' id='word_1_565' title='bbox 1584 4500 1787 4558; x_wconf 87' lang='lat' dir='ltr'><strong>parum</strong></span> <span class='ocrx_word' id='word_1_566' title='bbox 1810 4478 2129 4557; x_wconf 86' lang='lat' dir='ltr'><strong>debilitent,</strong></span> <span class='ocrx_word' id='word_1_567' title='bbox 2155 4500 2271 4539; x_wconf 92' lang='lat' dir='ltr'><strong>non</strong></span> <span class='ocrx_word' id='word_1_568' title='bbox 2299 4489 2543 4560; x_wconf 86' lang='lat' dir='ltr'><strong>possunt</strong></span> <span class='ocrx_word' id='word_1_569' title='bbox 2572 4491 2761 4540; x_wconf 84' lang='lat' dir='ltr'><strong>tamen</strong></span> <span class='ocrx_word' id='word_1_570' title='bbox 2792 4496 2893 4538; x_wconf 88' lang='lat' dir='ltr'><strong>eos</strong></span> 
     </span>
     <span class='ocr_line' id='line_1_53' title="bbox 479 4556 2895 4639; baseline 0.005 -32"><span class='ocrx_word' id='word_1_571' title='bbox 479 4556 712 4639; x_wconf 76' lang='lat' dir='ltr'><strong>penitus</strong></span> <span class='ocrx_word' id='word_1_572' title='bbox 739 4562 1022 4629; x_wconf 79' lang='lat' dir='ltr'><strong>evertere3</strong></span> <span class='ocrx_word' id='word_1_573' title='bbox 1067 4558 1162 4615; x_wconf 82' lang='lat' dir='ltr'><strong>vel</strong></span> <span class='ocrx_word' id='word_1_574' title='bbox 1191 4557 1470 4633; x_wconf 89' lang='lat' dir='ltr'><strong>impedire</strong></span> <span class='ocrx_word' id='word_1_575' title='bbox 1497 4561 1809 4636; x_wconf 89' lang='lat' dir='ltr'><strong>quominus</strong></span> <span class='ocrx_word' id='word_1_576' title='bbox 1836 4561 1898 4620; x_wconf 89' lang='lat' dir='ltr'><strong>in</strong></span> <span class='ocrx_word' id='word_1_577' title='bbox 1924 4562 2233 4620; x_wconf 87' lang='lat' dir='ltr'><strong>momentis</strong></span> <span class='ocrx_word' id='word_1_578' title='bbox 2276 4561 2761 4639; x_wconf 84' lang='lat' dir='ltr'><strong>subsequentibus</strong></span> <span class='ocrx_word' id='word_1_579' title='bbox 2788 4578 2895 4639; x_wconf 88' lang='lat' dir='ltr'><strong>per</strong></span> 
     </span>
     <span class='ocr_line' id='line_1_54' title="bbox 485 4632 2891 4718; baseline 0.003 -29"><span class='ocrx_word' id='word_1_580' title='bbox 485 4632 736 4705; x_wconf 72' lang='lat' dir='ltr'><strong>Spiritus</strong></span> <span class='ocrx_word' id='word_1_581' title='bbox 764 4649 896 4688; x_wconf 90' lang='lat' dir='ltr'><strong>eum</strong></span> <span class='ocrx_word' id='word_1_582' title='bbox 925 4633 1232 4694; x_wconf 84' lang='lat' dir='ltr'><strong>excitantis</strong></span> <span class='ocrx_word' id='word_1_583' title='bbox 1254 4637 1498 4711; x_wconf 82' lang='lat' dir='ltr'><strong>gratiam</strong></span> <span class='ocrx_word' id='word_1_584' title='bbox 1529 4640 1586 4697; x_wconf 88' lang='lat' dir='ltr'><strong>in</strong></span> <span class='ocrx_word' id='word_1_585' title='bbox 1617 4649 1807 4699; x_wconf 87' lang='lat' dir='ltr'><strong>actum</strong></span> <span class='ocrx_word' id='word_1_586' title='bbox 1856 4650 2084 4718; x_wconf 84' lang='lat' dir='ltr'><strong>exeant,</strong></span> <span class='ocrx_word' id='word_1_587' title='bbox 2117 4642 2602 4718; x_wconf 90' lang='lat' dir='ltr'><strong>quemadmodum</strong></span> <span class='ocrx_word' id='word_1_588' title='bbox 2654 4640 2713 4698; x_wconf 91' lang='lat' dir='ltr'><strong>in</strong></span> <span class='ocrx_word' id='word_1_589' title='bbox 2756 4658 2891 4698; x_wconf 81' lang='lat' dir='ltr'><strong>con-</strong></span> 
     </span>
    </p>
   </div>
  </div>
 </body>
</html>
