3234 5192
626 1175 1165 1254 DISPUTATIO
1229 1172 1803 1251 THEOLOGICA
1872 1173 2406 1269 TEXTUALIS‚

324 1451 479 1541 DE
581 1446 1374 1544 CONCORDIA
1472 1444 1890 1536 PAULI
1991 1447 2140 1537 ΕΤ
2238 1447 2732 1544 JAOOBI

818 1741 889 1806 ΙΝ
959 1736 1417 1807 ARTIGULO
1488 1736 2289 1806 JUSTIFIGATIONIS.

1348 1966 1724 1974 ..ψ-ὴ.

830 2142 1225 2217 Rex-spondente
1254 2139 1619 2195 ABRAHAMO
1651 2136 1877 2209 PBLBO,
1919 2140 2247 2199 Viviacensi.

405 2296 459 2356 Ι.
493 2296 647 2356 Cum
672 2298 915 2354 nullum
934 2296 997 2354 in
1024 2294 1558 2353 momentosissimo
1575 2292 1633 2350 J
1625 2294 2029 2369 ustificationis
2056 2296 2338 2357 Articulo
2365 2306 2426 2357 et
2455 2300 2734 2375 gravissi.

324 2396 425 2433 ma
452 2394 585 2451 quae
616 2376 787 2433 nobis
814 2394 992 2451 super
1016 2376 1134 2433 hoc
1160 2392 1298 2431 011111
1340 2372 1670 2431 Pontificiis
1707 2373 2021 2435 intercedit
2050 2376 2482 2451 Controversia,
2510 2382 2737 2455 plausi-

324 2456 507 2513 bilius
533 2473 641 2529 pro
670 2454 1103 2531 Justiflcatione
1130 2472 1371 2529 operum
1398 2458 1827 2526 argumentum
1856 2461 2129 2513 occurrat
2155 2457 2372 2515 celebri
2400 2457 2442 2515 J
2447 2459 2618 2518 acobi
2647 2461 2740 2517 lo-

324 2551 416 2605 c0,
445 2553 494 2591 c.
538 2532 620 2605 11.,
665 2534 907 2591 1111Π11111
935 2540 1090 2591 certe
1131 2533 1231 2589 vel
1272 2529 1647 2607 frequentius
1675 2532 1775 2587 vel
1800 2532 1998 2591 acrius
2024 2536 2227 2609 urgeri
2254 2536 2330 2593 ab
2359 2536 2742 2597 Adversariis

328 2614 519 2671 soleat
540 2633 556 2683 ;
600 2631 796 2689 operae
840 2612 1099 2689 pretium
1147 2611 1396 2686 aliquod
1441 2610 1706 2668 facturos
1733 2627 1842 2669 nos
1885 2630 2092 2671 sumus
2122 2615 2413 2687 arbitrati,
2457 2616 2506 2673 si
2552 2618 2739 2691 paulo

326 2692 666 2749 accuratius
690 2691 1039 2749 velitatione
1066 2691 1179 2747 1180
1210 2688 1577 2747 Academica
1604 2686 1668 2743 in
1695 2686 1871 2745 illum
1897 2690 2100 2748 locum
2126 2692 2512 2766 inquirentes,
2539 2712 2738 2770 neque

325 2769 525 2845 ipsum
547 2768 837 2845 Sophistis
864 2770 1169 2826 ullatenus
1194 2768 1413 2835 favere,
1443 2784 1552 2821 nee
1580 2764 1900 2838 quicquam
1928 2784 1965 2823 a
1992 2784 2133 2826 vera
2157 2777 2219 2826 et
2257 2771 2520 2843 genuina
2545 2771 2587 2829 J
2593 2772 2740 2831 usti-

324 2848 619 2905 ficationis
643 2846 924 2919 gratuitas
953 2844 1225 2903 doctrina
1249 2862 1288 2902 a
1316 2842 1510 2901 Paulo
1539 2842 1763 2900 tradita
1788 2843 2056 2901 alienum
2083 2846 2388 2905 continere
2409 2867 2547 2905 cum
2575 2850 2737 2907 bono

330 2925 463 2983 Deo
492 2924 1115 2981 demonstraverimus.

412 3002 505 3060 II.
550 3000 641 3059 Ut
686 3018 830 3075 ergo
874 3001 1185 3058 commode
1212 2999 1547 3075 disquisitio
1575 3000 1706 3057 haec
1750 2999 1986 3059 institui
2013 3003 2217 3077 possit,
2245 3002 2438 3079 primo
2467 3006 2740 3064 Difficul-

326 3088 421 3140 tas
471 3081 602 3157 ipsa
653 3080 1045 3154 proponenda
1095 3085 1203 3149 est,
1257 3085 1391 3137 tum
1442 3078 1819 3153 expendendi
1891 3080 2043 3137 varii
2105 3084 2204 3140 vel
2271 3083 2587 3141 solutionis
2638 3086 2740 3143 vel

326 3157 758 3219 conciliationis
796 3157 979 3216 modi.
1062 3156 1401 3214 Difficultas
1440 3175 1547 3232 per
1604 3174 1668 3214 se
1709 3163 1875 3230 patet
1901 3180 1917 3227 ;
1959 3178 2103 3218 nam
2143 3179 2282 3218 cum
2323 3160 2554 3221 Paulus
2607 3182 2742 3240 pas-

330 3239 443 3297 sim
481 3239 549 3296 in
610 3236 897 3313 Epistolis
951 3235 1076 3294 suis
1115 3237 1157 3295 J
1161 3236 1616 3295 ustificationem
1657 3235 1796 3291 fidei
1855 3236 1982 3296 sine
2023 3240 2305 3314 operibus
2344 3241 2604 3299 tribuere
2645 3260 2742 3301 8ο-

326 3318 471 3389 leat,
511 3322 583 3375 ut
624 3315 799 3373 Rom.
841 3314 927 3373 iii.
969 3314 1065 3385 28,
1110 3314 1247 3375 Gal.
1289 3314 1351 3373 ii.
1398 3314 1490 3386 16,
1534 3312 1691 3389 Eph.
1744 3313 1805 3371 ii.
1848 3314 1905 3386 8,
1948 3316 2005 3389 9,
2070 3317 2113 3375 J
2116 3319 2338 3377 acobus
2385 3326 2588 3379 tamen
2635 3340 2740 3378 ex-

329 3414 531 3471 presse
568 3396 741 3453 illam
768 3393 1111 3452 transcribit
1127 3392 1422 3469 operibus,
1442 3413 1491 3453 0.
1510 3392 1569 3450 11.
1594 3392 1690 3463 24,
1723 3398 1758 3426 “
1781 3392 2021 3453 Videtis
2041 3395 2112 3454 E.
2132 3400 2296 3472 quod
2317 3400 2500 3456 homo
2520 3398 2740 3473 justifi-

330 3481 501 3533 catur
527 3494 603 3532 ex
629 3473 907 3548 operibus
934 3478 995 3530 et
1020 3491 1143 3530 non
1166 3491 1241 3530 ex
1254 3473 1372 3529 fide
1394 3473 1590 3531 solum
1614 3472 1666 3530 :'’
1695 3469 1914 3547 Neque
1934 3474 1996 3531 in
2019 3476 2173 3534 thesi
2192 3482 2431 3535 tantum
2456 3478 2587 3535 haec
2607 3484 2744 3537 aim·

330 3556 489 3627 λο-γίιι
514 3553 754 3611 videtur
774 3569 1101 3621 occurrere,
1146 3552 1249 3609 sed
1298 3557 1359 3609 et
1400 3550 1461 3607 in
1490 3551 1811 3624 hypothesi
1839 3560 2109 3627 respectu
2137 3554 2472 3613 Abrahami
2500 3559 2744 3614 creden-

328 3635 484 3693 tium
533 3630 748 3701 Patris,
778 3648 919 3689 nam
948 3631 1112 3705 quod
1156 3628 1390 3687 Paulus
1416 3635 1756 3687 constanter
1783 3632 1859 3687 de
1901 3650 1973 3689 eo
2022 3632 2306 3706 praedicat
2329 3633 2514 3690 fuisse
2541 3633 2742 3708 ipsum

331 3714 463 3771 sola
486 3712 605 3769 fide
633 3715 694 3767 et
718 3726 840 3767 non
870 3708 1147 3784 operibus
1164 3708 1579 3783 justificatum,
1610 3706 1787 3765 Rom.
1816 3708 1896 3767 iv.
1927 3710 1984 3781 2,
2014 3710 2070 3781 3,
2091 3710 2273 3785 juxta
2298 3710 2560 3786 priscum
2593 3712 2742 3771 Ora-

332 3792 559 3861 culum,
589 3794 624 3823 “
647 3786 919 3847 Credidit
940 3788 1254 3846 Abraham
1276 3787 1407 3845 Deo
1426 3791 1488 3843 et
1505 3785 1599 3842 illi
1620 3785 1985 3860 imputatum
2004 3796 2094 3846 est
2110 3790 2189 3846 ad
2210 3788 2252 3846 J
2257 3788 2522 3847 ustitiam
2544 3791 2600 3861 ;'’
2627 3791 2744 3849 hoc

330 3870 531 3945 ipsum
557 3874 761 3943 aperte
788 3884 1007 3941 negare
1034 3865 1275 3923 videtur
1300 3864 1343 3923 J
1346 3866 1585 3935 acobuS,
1614 3882 1664 3921 c.
1693 3862 1754 3921 ii.
1785 3866 1880 3937 21,
1925 3872 1960 3901 ‘⁶
1979 3867 2298 3925 Abraham
2332 3866 2514 3925 Pater
2539 3876 2742 3927 noster

331 3965 533 4007 nonne
559 3965 637 4004 ex
664 3945 942 4021 operibus
960 3944 1325 4019 justificatus
1351 3950 1441 4002 est
1484 3944 1690 4001 oblato
1717 3943 1842 4000 filio
1870 3963 1982 4003 suo
2013 3944 2223 4003 Isaaco
2261 3964 2443 4022 supra
2469 3947 2656 4005 altare
2674 3948 2740 4011 Y’

330 4028 495 4085 unde
542 4024 929 4083 statuendum
971 4022 1229 4096 videtur,
1258 4024 1357 4079 vel
1382 4018 1427 4081 J
1430 4023 1685 4080 acobum
1727 4040 2062 4099 repugnare
2109 4023 2324 4096 Paulo,
2352 4026 2452 4081 vel
2479 4023 2742 4083 Paulum

332 4122 459 4163 non
484 4102 571 4161 ita
596 4102 907 4179 praefracte
924 4102 1415 4176 justificationem
1460 4100 1603 4158 fidei
1647 4101 1930 4175 tribuere,
1959 4102 2106 4179 quin
2133 4103 2320 4180 possit
2345 4102 2526 4162 etiam
2554 4110 2614 4161 et
2639 4106 2744 4161 de-

331 4184 472 4243 beat
499 4182 777 4257 operibus
804 4180 990 4238 tribui
1017 4198 1091 4238 ex
1116 4180 1390 4251 180011ος
1420 4180 1586 4255 quod
1613 4180 1841 4238 vellent
1862 4181 2180 4241 Pontificii.

414 4261 550 4319 ΙΙΙ.
590 4260 746 4318 Haec
772 4277 913 4317 sane
939 4258 1134 4334 prima
1150 4258 1349 4318 fronte
1374 4260 1553 4333 plane
1581 4257 1849 4319 ἇσὺστιτοι
1872 4260 2155 4319 videntur
2180 4259 2296 4319 11181
2321 4262 2638 4321 accedatur
2663 4262 2744 4323 ad

330 4340 691 4401 sententiam
728 4337 1252 4397 Adversariorum.
1338 4336 1458 4395 Sed
1485 4337 1768 4397 videntur
1813 4346 2073 4411 tantum,
2102 4340 2255 4396 nihil
2281 4339 2443 4397 0111111
2469 4342 2591 4399 tale
2617 4360 2743 4403 esse

330 4419 529 4493 reipsa
546 4418 681 4494 jam
707 4434 914 4475 sumus
940 4416 1261 4474 clarissime
1288 4416 1601 4475 ostensuri.
1657 4416 1803 4475 Non
1830 4436 1943 4475 nos
1969 4418 2248 4492 equidem
2273 4418 2424 4475 latet
2451 4421 2746 4493 quosdam

328 4498 432 4555 vel
456 4502 701 4573 propter
740 4512 935 4552 unum
981 4496 1143 4552 hunc
1184 4496 1388 4552 locum
1429 4500 1624 4552 totam
1648 4494 1693 4553 J
1695 4496 1866 4554 acobi
1907 4496 2242 4571 Epistolam
2268 4514 2344 4554 ex
2374 4494 2618 4556 Canone
2645 4517 2748 4557 ex-

330 4594 603 4653 pungere
627 4574 907 4646 voluisse,
933 4579 995 4631 et
1020 4574 1099 4631 ad
1124 4574 1313 4631 libros
1338 4571 1741 4649 Apocryphos
1760 4574 2002 4648 referre,
2022 4574 2197 4651 quasi
2221 4592 2346 4635 non
2373 4583 2570 4651 posset
2589 4578 2750 4635 ulla-

332 4660 511 4717 tenus
536 4653 581 4715 J
582 4653 805 4715 acobus
832 4669 973 4716 cum
1000 4650 1195 4713 Paulo
1222 4658 1285 4712 et
1308 4651 1543 4731 reliqua
1590 4650 1902 4731 Scriptura
1925 4652 1992 4713 in
2017 4653 2263 4731 negotio
2289 4651 2334 4713 J
2335 4654 2748 4720 ustificationis
