3234 5192
346 370 576 413 msru‘r.
606 348 697 431 v.]
1092 370 1321 409 xus-‘rus
1353 370 1429 409 Ae
1458 368 1738 411 eccm-:su
1769 371 2034 413 uoxAxA.
2656 356 2768 415 119

342 514 597 573 mixtura
625 530 919 589 nunquam
962 520 1117 570 esset
1157 512 1436 571 facienda.
1522 513 1724 571 Hier0.
1771 513 1846 571 ad
1887 512 2166 591 Theoph‚
2201 516 2238 547 “
2260 514 2548 574 Volumus
2575 524 2634 575 et
2661 536 2768 575 nos

342 614 561 671 pacem,
593 602 652 653 et
678 612 795 651 non
818 592 1005 649 solum
1028 592 1313 667 volumus,
1346 592 1450 651 sed
1472 613 1770 671 rogamus3
1811 592 1915 652 sed
1942 612 2142 671 pacem
2173 594 2404 669 Christi,
2435 614 2636 672 pacem
2665 616 2764 655 ve-

342 696 481 748 ram,
510 693 717 751 pacem
744 672 869 731 sine
890 672 1223 747 inimicitiis,
1246 692 1445 750 pacem
1468 674 1529 730 in
1550 693 1666 750 qua
1687 694 1804 732 non
1825 674 1900 731 sit
1923 674 2136 732 bellum
2167 674 2510 749 involutum,
2540 696 2760 753 pacem,

340 776 472 833 quse
520 774 639 813 non
669 762 734 812 ut
782 752 1143 811 adversarios
1192 753 1480 830 subjiciat,
1512 753 1616 812 sed
1665 764 1730 813 ut
1773 756 1990 812 amicos
2027 756 2255 832 jungat.
2320 755 2472 829 Quid
2501 756 2758 815 domina-

340 836 557 895 tionem
582 854 785 913 pacem
814 852 1105 910 vocamus,
1137 842 1197 892 et
1222 853 1339 891 non
1354 834 1649 893 reddimus
1678 834 1985 912 unicuique
2014 834 2097 892 rei
2125 834 2472 893 vocabulum
2503 856 2668 895 suum
2691 838 2758 895 ‘?”

344 916 513 974 Alias
540 936 673 974 cum
705 914 1069 972 Nazianzeno
1098 934 1399 973 censemus
1430 918 1465 947 ‘⁴
1482 915 1690 974 melius
1719 934 1846 973 esse
1872 914 2164 974 laudabile
2193 914 2410 975 bellum
2437 936 2596 993 pace,
2627 937 2758 995 quae

346 1016 453 1055 nos
482 1016 517 1055 a
550 996 677 1055 Deo
706 995 991 1072 separat.”

340 1114 549 1161 vanitas
632 1114 825 1159 consilii
946 1074 1231 1133 XXXV.
1278 1074 1447 1133 Hanc
1476 1082 1670 1133 autem
1697 1084 1756 1133 et
1783 1096 1900 1133 non
1919 1074 2086 1133 aliam
2118 1075 2312 1153 urgeri
2339 1094 2558 1153 pacem,
2586 1077 2754 1155 Hyp-

384 1176 825 1220 Henotieidemon-
866 1174 983 1213 saea
1010 1156 1215 1212 caecior
1258 1162 1363 1229 est,
1395 1155 1495 1232 qui
1522 1174 1640 1211 non
1678 1154 1856 1215 videt.
1943 1156 2154 1232 Primo,
2179 1156 2318 1233 quia
2343 1156 2443 1234 qui
2471 1158 2582 1216 hoc
2609 1178 2756 1235 opus

386 1240 590 1279 stmtur.
861 1234 1105 1311 aggredi
1135 1235 1421 1309 dicuntur,
1454 1254 1515 1293 se
1544 1253 1613 1292 eo
1642 1235 1912 1311 ingerunt
1959 1256 2076 1295 non
2123 1238 2332 1312 vocati,
2385 1236 2658 1315 nullaque
2681 1239 2756 1296 ad

340 1318 405 1377 id
432 1316 861 1397 suscipiendum
890 1315 1161 1375 facultate
1212 1334 1247 1373 a
1290 1316 1551 1392 partibus
1600 1315 2018 1375 dissidentibus
2063 1316 2279 1392 donati,
2331 1318 2652 1395 praesertim
2679 1319 2754 1377 ab

341 1400 432 1474 iis,
464 1400 585 1458 sine
612 1416 857 1476 quorum
886 1404 1031 1454 nutu
1060 1403 1117 1453 et
1145 1414 1431 1455 consensu
1457 1412 1815 1473 quaecunque
1845 1396 1942 1453 vel
1979 1396 2226 1455 offerunt
2253 1398 2346 1455 vel
2378 1398 2650 1457 omittunt
2677 1400 2754 1455 ir-

341 1479 454 1539 rita
481 1498 605 1538 esse
633 1497 868 1538 neeesse
897 1484 1003 1535 est.
1088 1476 1241 1551 Quid
1269 1476 1421 1534 enim
1450 1474 1706 1553 proderit
1733 1496 1944 1553 magno
1987 1477 2278 1535 molimine
2310 1478 2752 1554 syncretismum

340 1578 562 1637 urgere,
594 1567 654 1618 et
679 1578 881 1637 pacem
908 1556 1131 1631 offerre,
1156 1556 1353 1615 insciis
1382 1558 1478 1615 vel
1524 1556 1728 1615 invitis
1775 1556 1909 1633 illis,
1941 1577 2184 1635 quorum
2219 1558 2506 1635 praecipue
2537 1557 2629 1616 hic
2656 1578 2750 1617 res

338 1643 547 1717 agitur,
592 1639 707 1698 nisi
737 1636 1026 1713 Pontifex,
1051 1656 1225 1714 quem
1254 1636 1533 1696 Ecclesiae
1562 1656 1682 1695 suae
1713 1646 1885 1715 caput
1932 1658 2058 1697 esse
2097 1638 2321 1713 volunt,
2370 1638 2528 1696 bulla
2557 1640 2752 1717 aliqua

331 1721 431 1779 vel
460 1722 773 1799 diplomate
800 1719 913 1777 hoc
940 1716 1217 1795 quicquid
1260 1728 1349 1776 est
1374 1718 1596 1795 negotii
1623 1718 1847 1777 calculo
1877 1738 1980 1777 suo
2025 1718 2348 1796 approbet?
2430 1718 2752 1781 Ostendant

328 1820 469 1859 vero
496 1800 760 1878 nunquid
788 1800 949 1876 Papa
970 1818 1313 1857 consensum
1333 1798 1469 1857 huic
1496 1798 1656 1875 operi
1683 1798 1955 1876 praebeat,
1986 1800 2082 1857 vel
2111 1808 2176 1859 ut
2207 1799 2540 1857 Patriarcha
2567 1800 2668 1859 fiat
2689 1800 2750 1859 in

328 1900 527 1959 regn0,
561 1882 661 1960 qui
705 1901 742 1939 a
788 1880 913 1939 solo
950 1898 1089 1955 rege
1134 1877 1397 1955 pendeat,
1450 1878 1547 1937 vel
1596 1888 1662 1938 ut
1708 1887 1916 1938 caetera
1943 1899 2072 1956 quae
2117 1881 2533 1958 promittuntur
2559 1882 2749 1958 reipsa

331 1962 696 2039 impleantur.
761 1960 905 2019 Cum
928 1978 1068 2017 vero
1096 1959 1243 2017 nihil
1272 1959 1385 2017 tale
1404 1959 1684 2017 hactenus
1721 1959 1938 2035 fecerit,
1958 1980 2066 2019 nec
2087 1980 2342 2037 unquam
2366 1960 2442 2019 sit
2470 1960 2744 2037 facturuS,

328 2042 459 2119 quis
488 2062 603 2101 non
623 2040 849 2120 judicet
876 2039 1073 2097 dolum
1100 2040 1313 2097 malum
1361 2048 1419 2097 et
1464 2038 1726 2097 fraudem
1772 2039 1868 2099 hic
1897 2040 2151 2115 subesse,
2183 2050 2265 2115 ut,
2299 2040 2348 2099 si
2372 2040 2530 2117 quod
2557 2041 2744 2100 inten-

328 2122 477 2180 dunt
503 2122 736 2198 assequi
752 2140 867 2178 non
878 2120 1117 2196 possint,
1142 2139 1501 2197 quaecunque
1522 2119 1834 2178 molientur
1843 2130 1944 2180 aut
1961 2130 2178 2199 gerent,
2199 2141 2424 2199 semper
2437 2122 2747 2198 improbari

326 2201 554 2279 possint
575 2201 648 2259 ab
671 2219 739 2258 ea
760 2208 1041 2277 potestate
1064 2200 1155 2258 cui
1179 2208 1313 2259 sunt
1334 2199 1623 2259 obnoxii?
1669 2199 1953 2277 Secund0,
1985 2204 2036 2260 si
2057 2201 2277 2259 sincere
2306 2212 2364 2259 et
2383 2200 2534 2259 bono
2551 2201 2745 2260 animo

327 2280 607 2357 feruntur,
652 2298 755 2339 cur
802 2298 917 2337 non
960 2288 1153 2357 aperte
1182 2290 1241 2339 et
1282 2281 1379 2337 via
1404 2280 1567 2357 regia
1592 2280 1884 2357 incedunt,
1919 2281 2024 2341 sed
2065 2282 2390 2341 clanculum
2412 2290 2470 2340 et
2497 2300 2600 2359 per
2646 2302 2744 2340 cu·

326 2361 555 2419 niculos
582 2380 703 2419 rem
723 2362 975 2438 gerunt?
1032 2360 1147 2419 Gur
1186 2361 1459 2437 privatim
1480 2368 1742 2437 pastores
1782 2362 2152 2438 conveniunt,
2183 2372 2242 2421 et
2271 2362 2597 2435 nonnullos,
2614 2362 2744 2421 aliis

324 2442 543 2515 insciis,
559 2441 943 2519 compellant?
985 2439 1102 2498 Cur
1124 2440 1603 2517 subscriptionem
1633 2442 1706 2499 ab
1726 2442 1840 2501 illis
1858 2444 2118 2519 exigunt,
2151 2452 2208 2503 et
2237 2443 2450 2503 silentii
2473 2462 2742 2501 arcanum

322 2530 445 2581 tam
476 2522 719 2581 sollicite
748 2520 1169 2597 commendant,
1200 2540 1273 2579 ne
1321 2540 1413 2579 res
1452 2520 1527 2579 ad
1556 2522 1956 2599 synedriorum
1987 2524 2377 2599 cognitionem
2420 2524 2613 2583 statim
2642 2544 2742 2583 ve-

324 2602 448 2661 niat
466 2606 494 2661 3³
578 2603 693 2661 Cur
709 2602 993 2679 praecipue
1017 2602 1244 2677 magnis
1266 2601 1778 2679 pollicitationibus
1797 2623 1912 2675 eos,
1943 2623 2089 2680 quos
2109 2604 2495 2681 alloquuntur,
2521 2624 2749 2681 permo-

324 2702 461 2741 vere
490 2692 785 2759 conantur,
816 2683 948 2757 im0,
979 2682 1251 2740 horresco
1279 2681 1546 2757 referens,
1580 2683 1824 2759 pecunia
1867 2684 2058 2759 etiam,
2106 2694 2170 2743 ut
2215 2686 2420 2759 ferunt,
2452 2684 2662 2760 oblata,
2695 2684 2748 2743 si

324 2782 455 2839 quse
482 2772 845 2822 occurrerent
870 2762 1105 2821 venales
1126 2762 1350 2838 animae,
1382 2782 1511 2839 quae
1540 2764 1806 2839 pessimis
1834 2763 1992 2823 hisce
2013 2764 2232 2823 artibus
2261 2765 2336 2823 ad
2363 2764 2528 2823 bonae
2557 2784 2745 2823 causae

322 2842 706 2919 proditionem
754 2842 911 2901 allici
953 2845 1233 2919 possent?
1316 2843 1463 2900 Haec
1506 2862 1643 2901 sane
1689 2842 1860 2901 nimis
1909 2844 2319 2919 demonstrant,
2372 2863 2620 2920 anguem
2650 2844 2744 2901 hic

326 2922 387 2979 in
414 2923 593 2982 herba
619 2925 817 2997 latere,
858 2932 917 2981 et
944 2922 1285 2999 mysterium
1335 2921 1574 2997 aliquod
1601 2924 1838 2981 subesse
1863 2945 1877 2997 ;
1924 2922 2026 2981 sed
2055 2924 2393 2999 mysterium
2423 2923 2740 2999 inquitatiS,

326 3011 395 3061 ut
423 3003 645 3063 facilius
672 3003 905 3079 blando,
932 3002 1035 3061 sed
1053 3002 1247 3060 fallaci
1262 3002 1422 3079 pacis
1438 3002 1689 3077 nomine,
1721 3002 1984 3061 incautos
2012 3003 2268 3061 inescare
2298 3003 2536 3079 possint.

408 3082 727 3144 XXXVI.
774 3084 907 3143 Hoc
948 3102 1087 3141 vero
1130 3082 1341 3140 clarius
1382 3082 1571 3139 adhuc
1613 3082 1909 3159 colligitur
1935 3102 2010 3139 cx
2041 3082 2331 3159 speciosis„
2363 3102 2509 3161 quas
2537 3082 2740 3144 offerre

327 3162 615 3241 dicuntur,
663 3164 957 3223 variorum
1006 3181 1263 3221 errorum
1340 3170 1397 3221 et
1450 3162 1665 3220 rituum
1721 3162 2250 3239 superstitiosorum
2320 3164 2744 3225 reformationis

324 3245 821 3321 promissionibus
908 3244 1059 3301 Nam
1108 3242 1159 3302 si
1188 3261 1327 3301 vera
1354 3250 1489 3301 sunt
1515 3261 1646 3319 quae
1674 3242 2016 3320 referuntur,
2047 3243 2180 3321 quis
2205 3264 2322 3302 non
2350 3241 2591 3305 miretur
2618 3266 2736 3323 eos,

326 3323 428 3400 qui
454 3334 625 3384 antea
666 3344 895 3385 omnem
925 3323 1205 3383 Ecclesiae
1247 3321 1710 3382 reformationem
1751 3323 1924 3383 toties
1967 3344 2002 3383 a
2041 3324 2396 3403 principibus
2425 3326 2740 3404 expetitam

325 3422 551 3481 semper
567 3404 815 3465 aversati
830 3412 982 3475 sunt,
995 3404 1293 3481 etquidem
1314 3424 1383 3463 eo
1403 3424 1591 3462 rerum
1612 3413 1784 3479 statu,
1798 3404 2029 3483 illisque
2047 3406 2416 3483 temporibus,
2433 3427 2562 3485 quse
2580 3408 2742 3466 illam

322 3485 566 3544 suadere
592 3493 875 3563 poterant,
906 3504 1075 3559 nunc,
1096 3483 1235 3543 dum
1275 3485 1650 3562 impotentius
1672 3486 1731 3544 in
1754 3504 1860 3543 nos
1878 3496 1936 3544 et
1956 3504 2100 3544 voce
2129 3496 2188 3545 et
2216 3488 2428 3565 scripto
2457 3487 2738 3547 debaech-

323 3572 509 3639 antur,
555 3566 693 3625 dum
737 3565 931 3624 odium
975 3564 1229 3641 ipsorum
1270 3564 1529 3641 quotidie
1570 3565 1759 3643 magis
1813 3566 2156 3643 exardescit,
2218 3566 2356 3625 dum
2419 3568 2612 3627 omnia
2665 3588 2740 3626 ex

322 3653 461 3704 voto
488 3646 607 3704 illis
635 3644 941 3705 succedere
970 3643 1258 3721 videntur,
1290 3644 1363 3703 de
1393 3646 1750 3721 corrigendis
1778 3654 1970 3705 tamen
1999 3647 2286 3706 erroribus
2315 3647 2436 3707 suis
2464 3648 2736 3723 cogitare,

321 3733 382 3783 et
408 3734 707 3801 praetensae
735 3748 1115 3806 ιυιμαςπσκς
1145 3725 1377 3803 dogma,
1408 3724 1566 3803 quod
1594 3734 1756 3785 tanto
1789 3727 2084 3786 molimine
2114 3728 2256 3785 alias
2283 3734 2738 3804 propugnarunt,

319 3804 431 3863 hac
456 3806 679 3865 ratione
706 3826 973 3865 eversum
1010 3806 1137 3865 ire?
1220 3806 1363 3880 Quis
1404 3825 1542 3863 vcro
1584 3826 1700 3864 non
1741 3806 1919 3883 videt,
1965 3807 2372 3885 promissiones
2413 3805 2740 3863 istiusmodi

318 3884 521 3944 inanes
549 3906 677 3945 esse
720 3894 779 3945 et
818 3886 1088 3961 ludicras,
1132 3904 1261 3963 quse
1302 3886 1456 3944 bona
1491 3886 1673 3945 verba
1699 3907 1816 3964 prae
1846 3907 1908 3946 se
1935 3887 2081 3945 ferre
2111 3886 2396 3960 videntur,
2431 3884 2532 3943 sed
2560 3884 2740 3943 verba

318 3974 563 4041 tantum,
596 3966 1041 4044 simplicioribus
1068 3965 1394 4024 irretiendis
1435 3976 1586 4044 apta,
1631 3987 1761 4044 quae
1803 3968 1878 4025 ad
1905 3966 2168 4026 effectum
2201 3964 2436 4041 perduci
2465 3972 2523 4022 et
2548 3965 2740 4041 reipsa

320 4044 549 4122 impleri
576 4066 869 4125 nunquam
896 4054 1167 4125 poterunt
1187 4049 1215 4104 P
1296 4046 1445 4105 Nam
1474 4057 1852 4125 praeterquam
1882 4047 2055 4123 quod,
2081 4046 2181 4123 qui
2209 4044 2348 4103 talia
2373 4045 2734 4123 pollicentur,

318 4134 595 4203 praestare
637 4145 753 4186 non
796 4136 1039 4207 possunt
1080 4126 1238 4204 quod
1278 4128 1637 4205 promittunt,
1683 4127 1844 4185 nulla
1871 4127 2212 4186 auctoritate
2240 4124 2314 4182 ad
2342 4125 2403 4183 id
2430 4124 2738 4201 instructi;

318 4204 459 4263 licet
487 4205 708 4266 sincere
737 4216 991 4286 agerent,
1023 4209 1153 4285 quis
1181 4216 1373 4285 potest
1399 4206 1732 4267 certitudini
1757 4207 1922 4267 locus
1949 4226 2076 4266 esse
2105 4204 2260 4283 apud
2287 4224 2404 4279 eos,
2435 4204 2534 4281 qui
2565 4213 2736 4264 teter·

318 4286 529 4345 rimum
558 4287 717 4346 istud
746 4288 959 4366 dogma
988 4296 1236 4362 tuentur,
1270 4296 1461 4347 ettam
1482 4308 1635 4365 saepe
1658 4288 1718 4345 in
1735 4288 1961 4363 praxim
1990 4286 2372 4362 deduxerunt,
2395 4286 2740 4363 promissam

320 4366 595 4427 haereticis
618 4370 799 4447 fidem
841 4390 954 4427 non
995 4388 1109 4427 esse
1147 4370 1488 4427 servandam
1510 4370 1537 4425 ,ἲ
1623 4367 1828 4424 Nonne
1857 4367 1908 4424 si
1935 4366 2074 4441 quid
2103 4364 2447 4443 promissum
2477 4376 2646 4444 esset,
2679 4378 2738 4427 et

319 4446 536 4521 datum,
568 4458 767 4525 posset
795 4449 869 4506 ad
898 4448 1199 4507 Pontificis
1228 4448 1453 4506 libitum
1484 4447 1670 4525 prima
1697 4445 1892 4503 oblata
1919 4446 2220 4504 occasione
2251 4448 2540 4507 rescindi?
2581 4448 2733 4523 Quo-

318 4528 489 4587 modo
516 4529 775 4587 Moravis
804 4528 941 4587 olim
970 4528 1156 4588 fuerat
1184 4546 1535 4601 concessum,
1560 4534 1625 4583 ut
1654 4543 1815 4583 sacra
1842 4543 1946 4582 sua
1972 4546 2088 4583 non
2119 4526 2340 4603 Latine,
2368 4528 2470 4587 sed
2502 4528 2737 4587 Sclave-

317 4608 445 4666 nice
495 4618 855 4686 peragerent,
908 4609 1009 4667 sed
1052 4607 1384 4685 ademptum
1425 4614 1627 4685 postea
1670 4604 1842 4681 Papae
1871 4604 2124 4683 arbitrio,
2169 4616 2316 4667 teste
2365 4610 2733 4681 Bellarmino,

316 4685 419 4747 lib.
464 4688 523 4746 ii.
569 4688 640 4746 de
690 4689 883 4747 Verbo
928 4689 1037 4746 Dei
1080 4708 1204 4766 cap.
1241 4689 1332 4763 16,
1364 4695 1421 4746 ct
1452 4686 1726 4745 Bohcmis
1755 4684 1978 4745 indulta
2005 4688 2190 4747 fuerat
2218 4709 2253 4747 a
2281 4688 2538 4747 Concilio
2569 4688 2732 4745 Basi-
