3234 5192
482 327 602 389 506
1093 344 1173 385 nr.
1202 344 1694 386 sArtsrAcnoms
1721 342 1958 387 emus-n
1987 344 2306 387 vassu-rs.
2497 333 2756 406 [msru-r.
2787 349 2886 389 xv.

476 490 539 543 et
564 483 897 543 visibilibus
924 485 1219 543 beneficiis
1247 487 1557 556 haererent,
1588 487 1691 543 sed
1721 490 1790 541 ut
1817 485 2130 544 sublimius
2166 486 2312 561 quid
2339 492 2402 543 et
2445 488 2768 545 salutarius
2793 495 2884 546 at-

476 564 807 634 tenderent,
850 570 977 621 tam
1015 570 1323 637 potentem
1362 563 1584 621 scilicet
1636 582 1774 621 eum
1813 580 1936 622 esse
1977 570 2038 621 et
2075 571 2420 639 promptum
2460 567 2538 622 ad
2585 567 2884 623 tollendas

478 641 815 717 spirituales
836 649 897 699 et
922 648 1171 699 aeternas
1198 649 1427 700 nostras
1464 642 1750 710 miserias,
1780 659 1965 716 quam
1995 650 2340 718 promptum
2381 651 2442 699 et
2486 651 2790 717 potentem
2819 662 2880 700 se

480 718 834 777 exhibuerat
860 721 921 776 in
948 720 1231 777 tollendis
1257 728 1319 777 et
1339 720 1619 778 sanandis
1647 719 1906 793 corporis
1933 722 2170 791 morbis„
2201 721 2454 794 ideoque
2481 722 2542 777 in
2571 721 2877 779 sanatione

480 796 697 853 animae
724 800 925 871 potius
952 816 1135 873 quam
1184 798 1443 873 corporis
1470 797 1818 855 meditanda
1843 805 1904 855 et
1945 800 2270 872 quaerenda
2312 818 2446 873 quae
2473 799 2640 856 illius
2667 800 2880 855 umbra

479 881 608 932 erat
626 881 865 932 tantum
890 882 951 933 et
970 876 1255 967 exiguum
1286 875 1596 951 specimen,
1627 881 1946 949 occupatos
1973 895 2098 934 esse
2119 876 2368 946 debere;
2415 875 2518 934 Ita
2541 879 2750 934 docere
2771 894 2879 935 nos

480 952 739 1009 voluerit
764 952 985 1011 Matth.
974 996 1007 1025 .,
1036 954 1172 1029 quis
1198 972 1409 1029 scopus
1430 960 1491 1010 et
1514 972 1661 1011 usus
1699 954 1996 1029 praecipue
2033 955 2094 1011 in
2139 921 2442 1012 miraculis
2472 955 2690 1014 Christi
2717 972 2882 1029 spec-

478 1021 699 1088 'tandus
724 1031 802 1088 sit
826 1037 887 1088 et
910 1031 971 1087 in
1003 1049 1183 1105 quem
1208 1033 1389 1089 finem
1410 1031 1710 1089 sanaverit
1739 1030 2010 1090 Christus
2035 1050 2244 1089 eorum
2285 1033 2541 1104 morbos,
2571 1051 2693 1090 non
2719 1040 2790 1088 ut
2817 1050 2880 1089 sc

480 1126 799 1183 corporum
824 1109 1121 1166 medicum
1150 1111 1443 1185 proderet,
1472 1116 1655 1185 atque
1683 1110 1770 1166 ita
1795 1110 1856 1165 in
1887 1113 2110 1168 caduco
2131 1110 2414 1168 beneficio
2441 1129 2544 1168 eos
2569 1112 2876 1179 detineret,

480 1187 583 1243 sed
612 1193 683 1243 ut
709 1204 748 1243 a
772 1187 1019 1245 terrenis
1045 1190 1125 1246 ad
1150 1188 1424 1259 coelestia,
1466 1189 1543 1245 ab
1570 1188 1828 1245 externis
1875 1189 1952 1245 ad
1994 1189 2245 1259 interna,
2289 1205 2328 1246 a
2353 1190 2760 1264 corporalibus
2801 1189 2878 1243 ad

482 1263 817 1338 spiritualia
840 1284 943 1324 eos
969 1268 1260 1337 eveheret,
1290 1274 1351 1323 et
1376 1268 1489 1323 sub
1516 1268 1629 1323 hac
1653 1266 1852 1339 figura
1875 1284 2088 1324 verum
2113 1284 2174 1325 se
2203 1267 2539 1324 animarum
2585 1267 2880 1323 medicum

482 1343 952 1421 demonstraret,
1000 1343 1099 1402 Ita
1119 1362 1303 1402 coecos
1342 1344 1726 1414 illuminavit,
1748 1350 1820 1400 ut
1837 1362 1898 1401 se
1918 1345 2133 1402 mundi
2155 1346 2353 1402 lucem
2379 1363 2504 1403 esse
2531 1344 2880 1412 ostenderet,

482 1421 747 1479 restituit
764 1424 953 1480 vitam
974 1423 1227 1480 mortuis
1248 1430 1317 1479 ut
1337 1441 1397 1480 se
1432 1423 1712 1497 probaret
1733 1422 1915 1479 vitam
1943 1429 2003 1479 et
2029 1424 2520 1481 resurrectionem
2541 1440 2682 1493 esse,
2705 1428 2884 1495 atque

483 1498 569 1555 ita
593 1499 656 1555 in
678 1501 922 1559 caeteris.
1007 1500 1158 1558 Hoec
1184 1518 1361 1575 porro
1390 1500 1684 1557 sententia
1707 1500 1782 1555 de
1811 1498 1991 1556 se'nsu
2031 1500 2362 1572 anagogico
2391 1507 2453 1557 et
2477 1500 2885 1557 accommoda·

482 1575 617 1633 titio
644 1595 765 1633 non
793 1586 950 1635 caret
976 1579 1099 1636 suis
1126 1577 1556 1648 fundamentis,
1602 1594 1743 1634 nam
1783 1575 1832 1632 si
1859 1576 2078 1634 Matth.
2129 1576 2282 1632 nihil
2321 1578 2492 1633 aliud
2535 1577 2883 1634 intendisset

484 1671 670 1727 quam
696 1656 1095 1728 corporalium
1134 1655 1481 1711 morborum
1528 1653 1897 1711 curationem
1933 1655 2072 1710 hinc
2117 1653 2398 1723 stabilire,
2447 1655 2736 1727 potuisset
2761 1653 2883 1710 alia

482 1730 882 1788 luculentiora
906 1733 1153 1790 laudare
1180 1733 1313 1788 loca
1339 1731 1443 1787 ubi
1472 1748 1748 1805 expressa
1767 1730 1991 1787 mentio
2019 1730 2366 1787 morborum
2401 1731 2664 1805 corporis
2677 1730 2762 1801 fit,
2793 1736 2878 1805 ιιι,

488 1805 605 1864 Isa.
628 1824 808 1864 xxxv.
832 1808 887 1879 5,
917 1810 975 1881 6,
1019 1815 1055 1843 “
1074 1808 1243 1865 'Punc
1270 1808 1611 1882 aperientur
1638 1807 1796 1865 oculi
1821 1825 2133 1877 ancorum,
2177 1825 2350 1864 aures
2372 1809 2692 1865 surdorum
2719 1815 2882 1881 pate·

480 1885 651 1954 bunt,
680 1885 933 1945 claudus
962 1886 1149 1956 saliet,
1188 1893 1249 1943 et
1274 1884 1429 1942 muti
1454 1885 1835 1960 loquentur,’'
1857 1892 1920 1942 et
1959 1885 2042 1943 sic
2067 1884 2212 1943 alibi
2236 1903 2356 1942 non
2402 1888 2620 1956 seme13
2663 1886 2882 1944 deinde

482 1980 659 2019 usum
680 1962 863 2023 istum
889 1964 1287 2039 anagogicum
1318 1963 1589 2022 Christus
1614 1964 1744 2040 ipse
1769 1981 1888 2021 non
1921 1964 2103 2021 semel
2128 1964 2192 2019 in
2221 1962 2600 2022 sanationum
2625 1964 2884 2023 miracu-

480 2040 556 2097 lis
584 2040 853 2115 requirit,
883 2050 953 2101 ut
978 2042 1199 2100 Matth.
1226 2042 1307 2099 ix.
1338 2043 1393 2113 2,
1420 2040 1463 2098 J
1468 2044 1564 2099 oh.
1581 2060 1641 2099 v.
1673 2042 1766 2100 14.

564 2118 827 2177 XVIII.
862 2122 965 2182 Ad
992 2123 1147 2179 hanc
1162 2120 1417 2195 primam
1434 2120 1794 2179 solutionem
1811 2122 2038 2179 accedit
2063 2122 2324 2179 secunda
2347 2138 2470 2178 non
2497 2119 2698 2177 minus
2723 2138 2884 2177 com-

482 2198 663 2255 moda
688 2215 893 2257 eorum
920 2200 1028 2275 qui
1054 2200 1237 2257 verba
1260 2200 1391 2256 haec
1418 2199 1716 2275 analoyice
1740 2200 2208 2275 interpretantur
2233 2207 2293 2257 et
2319 2216 2427 2274 per
2453 2198 2882 2271 metonymiam

482 2282 793 2365 exponunt
818 2280 985 2351 quod
1012 2277 1230 2334 dicitur
1256 2288 1323 2333 ut
1348 2276 1704 2350 impleretur,
1723 2278 1803 2335 id.
1829 2285 1900 2334 ut
1915 2277 2348 2351 significaretur
2374 2295 2480 2351 per
2505 2294 2646 2333 eum
2673 2276 2886 2351 imple-

482 2359 614 2410 tum
640 2353 715 2407 iri
742 2355 903 2426 quod
932 2355 1159 2411 dictum
1187 2359 1277 2411 est
1300 2372 1407 2427 per
1437 2353 1679 2423 Baiani,
1711 2358 1832 2424 &c.,
1862 2356 2008 2429 quia
2033 2356 2264 2413 sanatio
2290 2354 2640 2411 morborum
2675 2370 2884 2428 corpo-

480 2429 702 2485 ralium.
728 2438 857 2488 erat
884 2431 1070 2488 instar
1094 2431 1249 2505 siqui
1274 2437 1336 2487 et
1360 2431 1600 2506 symboli
1627 2432 1952 2490 sanationis
1979 2432 2326 2489 morborum
2353 2430 2756 2504 spiritualium
2775 2448 2882 2503 per

480 2508 645 2563 hunc
670 2505 713 2562 J
715 2524 883 2564 esum
912 2526 1021 2565 suo
1050 2508 1355 2582 tempore·
1338 2526 1401 2563 ιιι
1423 2526 1593 2565 cruce
1614 2508 2003 2582 perficiendae,
2029 2526 2096 2565 ac
2114 2508 2364 2599 proinde
2392 2526 2512 2563 non
2535 2507 2718 2563 fuerit
2737 2514 2884 2563 tunc

482 2584 798 2658 impletum
822 2588 938 2643 hoc
968 2584 1143 2643 Isaiae
1173 2584 1536 2657 vaticinium,
1566 2588 1670 2643 sed
1697 2592 1935 2643 tantum
1963 2588 2106 2643 data
2131 2584 2318 2642 veluti
2347 2586 2529 2642 arrha
2553 2590 2616 2641 et
2641 2586 2881 2657 symbo-

481 2662 611 2718 lum
636 2662 857 2721 futurae
885 2662 1290 2739 impletionis
1274 2681 1337 2719 ιιι
1364 2670 1556 2721 morte
1584 2662 1933 2734 Servatoris,
1963 2682 2100 2721 nam
2129 2662 2192 2723 in
2215 2663 2516 2719 miraculis
2542 2662 2880 2719 istiusmodi

482 2758 619 2815 quae
640 2739 795 2799 circa
820 2760 1139 2817 corporum
1164 2741 1536 2799 sanationem
1562 2743 1894 2799 edebantur
1931 2741 2224 2817 specimen
2253 2740 2646 2797 exhibebatur
2673 2740 2883 2797 salutis

482 2836 667 2893 quam
694 2819 909 2877 animis
936 2820 1233 2878 allaturus
1252 2826 1417 2889 erat;
1448 2820 1531 2877 sic
1558 2819 1809 2894 Rupert.
1837 2820 1941 2876 lib.
1963 2820 2066 2876 vii.
2093 2820 2158 2875 in
2185 2818 2403 2876 Matth.
2429 2837 2476 2875 c.
2506 2818 2627 2889 vii.,
2649 2822 2688 2851 “
2705 2836 2883 2875 suum

483 2914 633 2970 opus
654 2899 818 2972 quod
846 2897 1360 2972 est-aegritudines
1403 2898 1742 2956 animarum
1781 2916 1988 2955 sanare
2019 2896 2290 2956 Christus
2317 2896 2494 2970 coepit
2518 2898 2596 2953 ab
2623 2902 2881 2969 aegrota-

482 2974 647 3031 tione
674 2976 937 3051 corporis
966 2977 1216 3051 operari,
1246 2982 1316 3032 ut
1342 2977 1491 3033 dum
1516 2976 1682 3050 prius
1705 2976 1846 3032 illas
1875 2975 2189 3033 visibiliter
2215 2981 2467 3045 curaret,
2497 2974 2763 3031 medicus
2784 2990 2884 3031 ve·-

484 3070 587 3109 rus
604 3054 1012 3125 innotesceret,
1034 3061 1096 3113 et
1114 3061 1246 3112 tum
1274 3054 1535 3129 denique
1562 3055 1642 3110 ad
1665 3055 1956 3111 curandas
1978 3052 2362 3128 aegritudines
2391 3052 2728 3110 animarum
2756 3069 2889 3125 per-

484 3130 770 3188 veniret.”
813 3130 1029 3205 Neque
1058 3150 1282 3188 novum
1304 3140 1395 3190 est
1420 3138 1491 3189 ut
1516 3132 1699 3188 verba
1715 3149 1850 3207 quae
1873 3131 2168 3189 actionem
2189 3132 2284 3188 vel
2310 3130 2647 3205 passionem
2672 3137 2886 3187 notant

484 3207 945 3265 declarationem
972 3214 1211 3265 tantum
1236 3212 1335 3266 vel
1362 3210 1854 3283 significationem
1897 3209 2236 3320 importent,
2263 3217 2326 3267 et
2349 3207 2506 3266 hoc
2491 3227 2552 3265 ιιι
2573 3208 2808 3266 verbo
2783 3228 2886 3265 tm-

475 3286 679 3359 plaudi
726 3284 1055 3357 praesertim
1108 3303 1179 3342 eo
1228 3305 1404 3344 sensu
1449 3287 1724 3357 occurrit,
1773 3286 1816 3344 J
1819 3306 1903 3344 ac
1949 3287 2009 3343 ii.
2061 3287 2156 3357 23,
2200 3286 2477 3361 “Itaque
2517 3285 2765 3359 impleta
2789 3294 2884 3343 est

488 3360 797 3435 Scriptura
822 3379 958 3436 quse
989 3362 1148 3433 dicit,
1172 3364 1441 3423 Credidit
1462 3364 1778 3420 Abraham
1801 3363 1929 3421 Deo
1953 3371 2013 3421 et
2038 3365 2131 3421 illi
2159 3365 2518 3439 imputatum
2539 3370 2630 3419 est
2654 3364 2729 3419 ad
2751 3363 2882 3435 jus-

486 3439 735 3507 titiam3’
740 3438 907 3495 'non
935 3456 1077 3496 sane
1103 3442 1268 3514 quod
1312 3448 1459 3498 tunc
1503 3442 1752 3497 demum
1781 3442 2031 3516 impleta
2056 3442 2283 3514 fuisset,
2313 3460 2452 3501 nam
2479 3440 2673 3497 multo
2716 3448 2882 3497 ante-

486 3535 673 3609 quam
696 3516 889 3573 filium
918 3534 1099 3573 suum
1128 3519 1456 3589 obtulisset,
1478 3519 1626 3575 fides
1665 3518 1886 3576 dicitur
1921 3520 2221 3594 imputata
2249 3517 2637 3579 Abrahamo'
2621 3536 2682 3574 ιιι
2703 3518 2884 3590 justi-

485 3596 651 3666 tiam,
682 3596 783 3652 sed
812 3595 955 3669 quia
998 3595 1305 3669 impletam
1331 3597 1485 3653 hanc
1530 3614 1655 3653 esse
1681 3598 1794 3654 hac
1839 3596 2058 3689 insigni
2086 3599 2423 3657 obedientia
2449 3604 2734 3670 tanquam
2763 3614 2887 3653 cer-

487 3674 713 3732 tissimo
742 3672 1080 3730 testimonio
1110 3676 1479 3732 declaratum
1525 3680 1650 3743 est3
1695 3675 1868 3749 Quod
1897 3675 1946 3733 si
1994 3684 2261 3769 respectu
2287 3675 2577 3752 praeteriti
2602 3674 2690 3731 ita
2715 3692 2885 3731 usur-

487 3752 617 3827 pari
664 3758 872 3825 potest,
901 3750 1115 3825 quidni
1162 3760 1222 3810 et
1266 3758 1533 3827 respectu
1581 3752 1811 3812 futuri.
1793 3756 1816 3795 ²
1857 3753 2117 3811 maxime
2143 3756 2192 3811 si
2235 3754 2388 3813 inter
2413 3772 2508 3810 res
2535 3752 2669 3809 illas
2696 3752 2887 3809 varias

489 3831 815 3888 intercedat
840 3829 1045 3903 aliqua
1064 3832 1359 3904 analogia,
1390 3838 1451 3887 et
1478 3848 1552 3887 cx
1600 3848 1673 3888 ca
1699 3831 2087 3906 significatio;
2131 3831 2640 3905 quemadmodum
2667 3830 2766 3887 hic
2793 3848 2888 3887 oc-

490 3908 709 3978 currit;
752 3926 875 3965 non
922 3906 1165 4001 quidem
1206 3908 1438 3965 ratione
1483 3909 1639 3967 modi
1681 3928 1800 3985 quo
1831 3909 2098 3968 Christus
2123 3916 2366 3984 peccata
2391 3914 2598 3965 nostra
2623 3908 2884 3976 sustulit,

490 3988 594 4043 sed
621 3986 853 4043 ratione
884 3987 1024 4066 finis
1050 3986 1155 4062 qui
1181 3986 1499 4061 utrobique
1528 3988 1686 4046 idem
1735 3988 1868 4057 fuit,
1917 3987 2142 4044 ablatio
2171 3987 2392 4045 scilicet
2417 3986 2599 4056 mali;
2629 3984 2794 4041 nimi.
2817 3992 2888 4042 ιιι

492 4065 701 4122 divina
746 4082 857 4121 sua
880 4052 1101 4123 virtute
1148 4071 1422 4140 potenter
1464 4066 1700 4124 sanavit
1740 4067 1980 4122 morbos
2011 4082 2342 4139 corporeos,
2371 4064 2592 4141 quibus
2613 4063 2886 4119 homines

492 4144 879 4215 vexabantur,
908 4144 993 4202 ita
1020 4144 1229 4200 mortis
1254 4143 1469 4202 merito
1497 4153 1557 4201 et
1577 4144 1836 4201 efficacia
1855 4142 2097 4217 spiritus
2123 4144 2363 4201 morbos
2389 4142 2728 4217 spirituales
2753 4158 2890 4198 nos-

492 4226 617 4277 tros
671 4221 831 4278 tollit
866 4228 927 4280 et
972 4221 1201 4291 aufert3
1244 4222 1405 4279 unde
1445 4222 1684 4297 pictura
1709 4221 1806 4278 hic
1847 4228 1938 4278 est
1964 4238 2240 4296 expressa
2265 4219 2536 4280 beneficii
2561 4219 2890 4295 spiritualis

490 4298 555 4354 in
578 4300 817 4372 speculo
834 4302 919 4359 rei
940 4300 1263 4358 materialis
1284 4308 1345 4358 et
1363 4307 1661 4371 externoe;
1691 4299 1772 4356 sic
1791 4298 2044 4375 impletio
2063 4300 2474 4375 imtelligenda
2501 4306 2654 4356 esset
2681 4298 2891 4372 impro-

483 4378 617 4451 prie
642 4377 704 4433 in
728 4394 903 4436 sensu
926 4381 1328 4455 transumptivo
1348 4387 1410 4437 et
1410 4382 1728 4493 ‘analo-qico
1754 4379 2078 4453 quomodO,
2096 4378 2318 4437 Matth.
2342 4379 2400 4435 ii.
2430 4378 2520 4451 15,
2540 4376 2794 4433 dicitur'
2777 4393 2890 4431 un-

492 4453 723 4528 pletum
740 4459 1053 4515 oraculum
1076 4458 1266 4529 Oseae,
1288 4477 1337 4516 c.
1366 4458 1446 4518 xi.
1481 4458 1579 4530 l,‘
1583 4466 1693 4517 ‘ex
1721 4458 1992 4533 AEgypto
2018 4458 2230 4515 vocavi
2249 4457 2442 4515 filium
2461 4454 2702 4527 meumss
2709 4454 2887 4527 ’quae

490 4530 677 4587 verba
696 4530 981 4602 primario
1021 4542 1083 4592 et
1124 4537 1359 4612 proprie
1385 4537 1727 4595 referuntur
1753 4539 1831 4595 ad
1859 4535 2235 4593 eductionem
2261 4534 2472 4611 populi
2491 4550 2568 4589 ex
2595 4534 2889 4605 AEgypto‚

491 4609 596 4665 sed
622 4616 865 4682 propter
890 4614 1189 4687 quandam
1220 4616 1557 4688 analogiam
1574 4616 1834 4690 typicam
1851 4616 2002 4671 bene
2024 4613 2548 4671 accommodantur
2575 4618 2786 4688 postea
2811 4610 2889 4667 ad
