3234 5192
562 232 673 296 176
1313 248 1391 289 nr.
1418 248 1788 289 Nncnsszmm
1820 248 2176 290 sncnssrorrr.
2561 230 2823 310 [msrur.
2855 248 2959 289 vn.

562 391 906 461 occisorum,
936 397 995 447 et
1040 396 1244 464 postea
1269 390 1720 460 vivificatorum,
1765 390 1909 464 quia
1937 390 2139 449 Testes
2165 391 2264 447 isti
2313 408 2434 446 non
2461 388 2568 446 alii
2595 396 2752 459 sunt,
2777 408 2956 463 quam

560 469 736 545 pauci
762 469 851 525 illi
882 469 964 543 pii
992 468 1350 543 evangelicae
1394 469 1661 527 veritatis
1689 476 2022 540 assertores,
2041 476 2180 526 ante
2203 476 2472 542 tempora
2493 467 2958 526 Reformationis

560 548 851 607 divinitus
878 546 1118 604 excitati
1157 548 1234 604 ad
1282 547 1676 605 resistendum
1720 547 2112 618 Antichristo,
2142 548 2248 623 qui
2292 547 2355 603 in
2399 546 2604 621 primis
2646 545 2957 603 Reforma-

560 626 788 685 toribus
835 626 1181 683 reviviscere
1208 624 1323 683 visi
1350 633 1507 683 sunt.
1577 624 1643 683 N
1646 644 1712 683 ec
1761 625 1928 683 Elias
1957 626 2300 701 personalis,
2331 626 2434 682 sed
2461 624 2764 697 mysticus,
2794 626 2954 699 apud

558 705 925 763 Malachiam
952 704 1324 777 intelligitur,
1354 705 1462 779 qui
1500 704 1869 779 jamdudum
1894 704 2058 761 venit
2106 704 2164 760 in
2195 722 2448 778 persona
2493 702 2536 760 J
2539 703 2752 760 oannis
2800 702 2957 779 Bap-

558 784 729 852 tistae,
758 801 835 840 ex
864 782 1085 841 Christi
1110 782 1527 853 declaratione,
1558 782 1778 839 Matth.
1808 782 1888 839 xi.

643 860 883 919 XLIX.
928 862 1030 918 Ad
1072 868 1358 935 quartum
1396 880 1547 936 resp.
1599 859 2082 935 Abnegationem
2114 860 2334 918 Christi
2375 868 2436 917 et
2472 862 2603 935 ejus
2647 878 2956 937 oppugna-

562 942 785 999 tionem
813 958 937 997 esse
966 940 1062 997 vel
1090 950 1355 1014 apertam
1384 946 1444 997 et
1472 940 1812 1014 emptio-itam,
1843 941 2043 1014 quoad
2060 946 2364 997 externam
2388 939 2828 1014 professionem,
2856 940 2956 995 vel

560 1019 896 1094 implicitam
922 1026 983 1075 et
1010 1022 1300 1089 occultam,
1330 1019 1527 1094 quoad
1560 1018 1644 1075 rei
1670 1018 1998 1075 veritatem.
2084 1018 2491 1075 Antichristus
2529 1018 2738 1074 debuit
2775 1018 2954 1074 abne·

559 1116 701 1172 gare
731 1097 1034 1156 Christum
1062 1116 1181 1155 non
1209 1098 1419 1172 primo,
1450 1098 1553 1153 sed
1582 1098 1842 1153 secundo
1869 1098 2067 1165 mode,
2087 1096 2496 1153 dissimulatus
2520 1094 2740 1154 Christi
2767 1096 2954 1153 hostis

559 1194 683 1234 csse
710 1175 937 1247 debuit,
966 1176 1089 1251 qui,
1118 1184 1412 1251 praetenso
1442 1174 1664 1234 Christi
1695 1173 1951 1245 nomine,
1983 1175 2390 1232 dominaretur
2416 1174 2478 1230 in
2510 1173 2839 1231 Ecclesiam
2865 1174 2952 1249 ip-

558 1256 696 1324 siuS,
739 1262 801 1312 et
842 1254 1063 1313 Christi
1102 1272 1435 1329 personam,
1479 1253 1688 1323 officia,
1719 1260 1779 1310 et
1805 1253 2087 1310 beneficia
2113 1252 2305 1327 reipsa
2333 1260 2725 1327 oppugnaret.
2809 1250 2955 1309 Non

560 1352 700 1407 ergo
730 1334 827 1390 hic
853 1335 1304 1407 expectandum,
1335 1339 1406 1389 ut
1434 1332 1843 1390 Antichristus
1871 1348 1933 1387 se
1963 1331 2184 1390 Christi
2209 1332 2444 1389 hostem
2463 1332 2830 1405 profiteatur,
2850 1331 2954 1387 sed

556 1418 627 1469 ut
653 1413 837 1469 talem
864 1430 925 1468 se
954 1412 1147 1487 reipsa
1185 1411 1480 1480 exhibeat,
1524 1429 1633 1468 nec
1671 1416 1740 1466 ut
1787 1428 1848 1467 se
1879 1408 2178 1467 Christum
2219 1410 2425 1484 jactet,
2453 1410 2617 1484 quod
2661 1408 2956 1466 faciebant

556 1490 1032 1563 pseudo-christi,
1062 1492 1164 1547 sed
1194 1497 1263 1546 ut
1288 1507 1495 1545 revera
1521 1507 1656 1563 quae
1689 1487 1906 1546 Christi
1934 1494 2078 1545 sunt
2103 1487 2216 1545 sibi
2237 1487 2512 1558 vindicet,
2542 1488 2705 1562 quod
2729 1486 2952 1562 Papam

556 1566 750 1624 facere
778 1585 959 1641 supra
982 1568 1302 1641 probatum
1330 1572 1434 1623 est.
1520 1567 1700 1633 Quod
1745 1565 2129 1641 Augustinus
2155 1566 2220 1622 in
2260 1568 2421 1623 hunc
2446 1567 2648 1623 locum
2673 1566 2822 1623 bene
2851 1566 2955 1623 ob-

560 1652 771 1715 servat,
804 1652 839 1679 ‘⁴
863 1644 1006 1703 Non
1038 1646 1419 1702 attendamus
1447 1646 1525 1701 ad
1554 1645 1848 1718 linguam,
1877 1646 1977 1701 sed
2007 1646 2085 1701 ad
2117 1644 2293 1702 facta.
2380 1643 2538 1701 Item
2575 1644 2765 1717 magis
2793 1662 2954 1701 men-

558 1724 680 1779 dax
707 1731 796 1781 est
823 1724 1249 1793 Antichristus,
1282 1722 1385 1797 qui
1434 1741 1533 1779 ore
1581 1723 1894 1797 profitetur
1940 1721 1983 1779 J
1986 1741 2152 1779 esum
2184 1722 2504 1791 Christum,
2533 1728 2593 1778 et
2639 1722 2812 1779 factis
2851 1740 2954 1778 ne-

557 1802 722 1875 gat.'’
808 1802 961 1861 Cum
1005 1820 1146 1875 ergo
1176 1799 1343 1875 Papa
1380 1800 1601 1875 triplex
1631 1800 1888 1858 officium
1920 1800 2142 1859 Christi
2183 1802 2260 1858 ad
2288 1818 2349 1859 se
2377 1800 2586 1875 rapiat,
2617 1800 2749 1873 ejus
2775 1818 2954 1857 evan-

558 1880 785 1953 gelium
811 1880 933 1937 suis
977 1878 1415 1949 traditionibuS,
1446 1886 1507 1936 et
1534 1880 1666 1952 ejus
1692 1880 2160 1953 redemptionem
2213 1879 2336 1935 suis
2362 1877 2768 1952 indulgentiis,
2813 1896 2954 1953 pur-

558 1959 811 2032 gatori0,
842 1958 1051 2029 missis,
1081 1957 1324 2014 meritis‘
1350 1959 1690 2033 pessundet,
1721 1956 1830 2015 etsi
1859 1976 1958 2014 ore
1986 1958 2336 2032 profiteatur
2362 1958 2560 2014 adhuc
2580 1954 2624 2014 J
2626 1974 2792 2014 esum
2827 1974 2952 2014 esse

562 2035 881 2108 Christum,
911 2044 1111 2094 tamen
1154 2036 1329 2093 illum
1372 2054 1497 2092 una
1523 2053 1660 2092 cum
1690 2034 1867 2092 Patre
1910 2036 2080 2095 fact-is
2106 2044 2167 2093 et
2210 2036 2486 2111 operibus
2535 2052 2780 2109 negasse
2821 2054 2953 2092 cen-

557 2116 777 2173 sendus
804 2122 908 2174 est.
992 2114 1179 2173 Porro
1213 2116 1375 2189 quod
1412 2114 1649 2171 addunt
1677 2112 1988 2184 Pontificii,
2040 2121 2076 2148 ‘⁸
2100 2114 2542 2171 Antichristum
2586 2114 2953 2171 aboliturum

557 2194 909 2251 sacrificium
982 2193 1366 2262 missaticum,
1424 2196 1485 2249 et
1536 2192 1814 2267 baptismi
1869 2194 2324 2267 abnegationem
2344 2194 2378 2219 ”
2450 2192 2950 2261 introducturum,

558 2272 829 2346 nuspiam
866 2272 1102 2329 dicitur.
1188 2270 1281 2327 De
1311 2271 1616 2328 Antiocho
1661 2270 1906 2346 quidem
1947 2270 2290 2346 praedicitur
2337 2271 2499 2346 apud
2543 2270 2855 2327 Danielem
2902 2288 2952 2327 c.

558 2349 637 2407 xi.
669 2350 762 2419 31,
792 2351 954 2424 quod
992 2350 1339 2407 sacrificium
1371 2348 1523 2422 juge
1552 2350 1716 2423 quod
1761 2351 1872 2407 sub
1901 2349 2064 2423 Lege
2091 2349 2359 2425 quotidie
2398 2349 2773 2419 offerebatur,
2803 2354 2954 2405 esset

556 2428 908 2497 aboliturus,
948 2430 1111 2503 quod
1158 2427 1352 2500 reipsa
1378 2426 1561 2483 etiam
1606 2427 1898 2501 praestitit.
1985 2426 2098 2486 Cui
2148 2429 2259 2485 hac
2301 2428 2362 2484 in
2391 2434 2560 2502 parte
2598 2428 2819 2501 optime
2867 2444 2956 2483 re·

557 2508 809 2582 spondet
858 2506 1284 2576 Antichristus,
1334 2522 1458 2561 non
1505 2506 1749 2581 quidem
1804 2506 2155 2563 sacrificium
2227 2505 2588 2563 missaticum
2640 2505 2953 2573 abolendo,

556 2586 657 2644 sed
686 2603 791 2659 per
818 2585 950 2659 ejus
980 2584 1417 2642 institutionem
1444 2590 1503 2641 et
1531 2584 2004 2641 observationem
2031 2585 2488 2655 idololatricam,
2517 2584 2785 2641 tollendo
2805 2584 2956 2657 juge

558 2663 910 2723 sacrificium
960 2662 1261 2734 Ecclesiae,
1305 2661 1687 2737 infringendo
1735 2662 1959 2719 scilicet
1989 2663 2112 2719 vim
2138 2670 2198 2720 et
2244 2663 2564 2721 efficaciam
2613 2661 2878 2719 sacrificii
2918 2680 2958 2719 a

559 2741 796 2803 Christo
824 2761 931 2817 pro
960 2743 1133 2800 nobis
1160 2741 1341 2799 semel
1370 2740 1575 2811 oblati,
1604 2748 1666 2797 et
1692 2741 2061 2815 spiritualem
2087 2749 2148 2799 et
2175 2741 2531 2798 rationalem
2558 2739 2723 2798 Novi
2751 2740 2956 2797 Testa-

554 2822 739 2879 menti
750 2822 981 2879 cultum
993 2839 1030 2878 a
1047 2821 1177 2879 Deo
1196 2820 1537 2879 institutum
1546 2821 1884 2891 evertendo,
1904 2822 1980 2878 ad
2005 2820 2506 2877 introducendum
2516 2820 2746 2875 cultum
2767 2819 2957 2876 idolo·

556 2900 830 2958 {atricum
872 2898 991 2957 Dei
1034 2899 1313 2970 Maozim,
1352 2900 1427 2955 de
1458 2917 1579 2974 quo
1611 2898 1888 2972 Angelus
1917 2898 2187 2974 loquitur
2233 2899 2395 2973 apud
2424 2897 2740 2955 Danielem
2776 2915 2826 2955 c.
2869 2896 2952 2953 xi.

553 2978 663 3048 383
710 2980 874 3053 quod
902 2986 972 3035 ut
999 2998 1036 3036 a
1060 2980 1354 3053 plerisque
1394 2977 1756 3051 intelligitur
1782 2983 2050 3053 respectu
2077 2976 2358 3035 Antiochi
2377 2977 2452 3033 de
2489 2975 2636 3034 Jove
2667 2974 2952 3053 Olympio,

553 3057 658 3132 qui
687 3056 956 3112 Deorum
992 3058 1263 3132 princeps
1290 3062 1352 3115 et
1377 3056 1824 3129 potentissimus
1850 3056 2204 3126 habebatur,
2234 3073 2412 3131 quem
2444 3054 2507 3111 in
2545 3055 2770 3129 templo
2805 3052 2954 3111 Hie-

552 3132 981 3205 rosolymitano
1024 3137 1241 3207 posuit,
1290 3140 1359 3189 ut
1398 3134 1690 3207 populum
1740 3134 1818 3189 ad
1863 3134 2031 3192 illius
2070 3136 2298 3193 cultum
2345 3138 2599 3207 cogeret,
2630 3134 2667 3190 2
2714 3132 2953 3190 Macab.

554 3210 629 3266 vi.
661 3210 718 3279 2,
747 3210 834 3266 ita
858 3218 1129 3284 respectu
1150 3212 1505 3269 Antichrieti
1554 3227 1678 3266 non
1707 3210 2077 3269 incommode
2131 3213 2387 3270 refertur
2439 3212 2516 3269 ad
2546 3210 2954 3269 idololatriam

556 3286 785 3355 Romae,
816 3293 942 3344 tum
990 3306 1133 3361 erga
1173 3289 1372 3345 Deum
1405 3286 1800 3358 Missaticum,
1830 3290 1938 3363 qui
1974 3307 2180 3347 revera
2217 3291 2461 3365 ignotus
2487 3296 2616 3347 erat
2657 3287 2954 3361 Patribus,

551 3372 685 3422 tum
712 3382 855 3438 erga
877 3364 1149 3439 Angelos
1176 3372 1236 3422 et
1266 3366 1532 3435 Sanctos,
1555 3382 1708 3440 quos
1740 3372 2030 3441 tanquam
2073 3376 2434 3442 protectores
2461 3375 2522 3425 et
2546 3367 2954 3438 auxiliatores,

550 3462 622 3502 ac
652 3450 1027 3524 ὑπιςασπιστιις
1056 3446 1282 3516 colunt,
1311 3450 1372 3501 et
1397 3445 1713 3519 honorant,
1745 3462 1907 3514 auro,
1938 3452 2203 3520 argento,
2231 3455 2292 3505 et
2331 3447 2509 3504 rebus
2555 3446 2847 3521 pretiosis,
2890 3444 2956 3503 id

542 3529 657 3594 est,
701 3524 1015 3599 magnifice
1054 3528 1115 3580 et
1154 3542 1287 3581 cum
1328 3528 1573 3579 externa
1617 3540 1839 3598 pompa
1883 3540 1952 3581 ac
1999 3524 2262 3583 donariis
2311 3524 2704 3600 amplissimis,
2755 3530 2824 3580 ut
2861 3542 2957 3581 so-

549 3602 728 3659 lenne
754 3610 849 3661 est
874 3604 1038 3677 apud
1088 3600 1448 3671 Pontificios‚
1478 3601 1780 3674 quomodo
1808 3620 1928 3659 vox
1955 3622 2062 3659 nvn
2090 3604 2344 3661 vertitur
2370 3622 2409 3661 a
2433 3605 2558 3659 lxx.
2601 3621 2707 3678 per
2735 3608 2955 3683 &meam-

541 3707 743 3754 mmv,
772 3690 834 3740 et
860 3700 898 3740 a
928 3680 1204 3755 Vulgato
1246 3698 1352 3755 per
1387 3688 1788 3755 protectorem,
1833 3679 2053 3738 Psalm.
2105 3682 2286 3739 xxvii.
2333 3682 2386 3752 1,
2437 3689 2497 3738 et
2537 3682 2744 3740 xxviii.
2787 3682 2844 3753 8,
2892 3689 2958 3739 et

552 3762 712 3819 xxxi.
745 3762 800 3832 2,
828 3762 886 3819 4.

632 3840 703 3899 L.
752 3840 853 3897 Ad
880 3840 1162 3915 quintum
1190 3838 1266 3895 de
1314 3835 1590 3896 Patribus
1631 3856 1782 3913 resp.
1839 3856 1957 3895 non
2007 3838 2193 3895 fuisse
2239 3840 2578 3914 prophetaS,
2627 3840 2729 3895 sed
2770 3838 2955 3895 inter-

548 3926 742 3993 pretes
770 3918 1147 3994 proposuisse
1175 3922 1414 3973 tantum
1440 3916 1586 3992 quid
1630 3916 2102 3991 suspicabantur,
2144 3935 2267 3973 non
2295 3916 2440 3991 quid
2464 3924 2622 3974 certo
2650 3922 2800 3973 esset
2835 3923 2958 3974 sta-

542 3999 856 4067 tuendum,
886 4002 957 4054 ut
1000 3996 1285 4070 August„
1334 3994 1438 4052 lib.
1480 4012 1580 4053 xx.
1627 3995 1702 4051 de
1730 3994 1972 4052 civitate
2020 3994 2138 4052 Dei
2184 4014 2311 4071 cap.
2345 3994 2437 4066 19,
2485 3995 2775 4053 observat.
2819 3993 2884 4052 N
2887 4012 2956 4051 66

549 4076 788 4148 mirum,
818 4076 867 4134 si
893 4093 1095 4133 rerum
1122 4080 1345 4133 eventu
1369 4072 1561 4131 facem
1587 4072 1888 4131 vaticiniis
1931 4074 2203 4131 nondum
2239 4072 2589 4149 praeferente
2627 4092 2781 4148 saepe
2808 4074 2955 4131 fiune

544 4156 848 4213 tuaverint
873 4161 933 4211 et
972 4154 1169 4211 multa
1194 4152 1292 4210 hic
1318 4171 1355 4211 a
1381 4152 1630 4211 veritate
1658 4152 1854 4209 aliena
1881 4151 2290 4227 conjectarint,
2341 4170 2478 4209 cum
2505 4158 2730 4209 constet
2767 4150 2960 4208 omni-

548 4232 679 4303 bus,
706 4234 887 4308 longe
929 4232 1163 4291 facilius
1208 4249 1333 4289 esse
1373 4229 1622 4307 impleta
1661 4231 1992 4311 observare,
2039 4250 2222 4306 quam
2269 4230 2574 4305 implenda
2616 4230 2958 4304 praedicere,

549 4309 695 4382 quia
720 4312 834 4368 hoc
854 4319 945 4369 est
970 4310 1351 4370 revelationis
1378 4310 1616 4379 divinae,
1649 4328 1784 4385 quae
1813 4310 2020 4384 paucis
2062 4308 2360 4384 competit,
2382 4309 2537 4365 illud
2561 4326 2705 4367 vero
2728 4307 2960 4382 experi-

540 4386 725 4444 entiae
754 4388 818 4443 in
846 4389 1045 4446 medio
1072 4391 1297 4464 positae.
1383 4388 1565 4446 Unde
1594 4388 1644 4445 si
1664 4389 1942 4463 nuspiam
1969 4387 2178 4446 Patres
2203 4388 2267 4445 in
2289 4386 2708 4445 controversiis
2736 4387 2962 4443 debent

540 4464 753 4520 sedere
780 4464 823 4521 J
826 4466 1045 4536 udices,
1073 4468 1269 4523 multo
1288 4466 1487 4523 minus
1514 4466 1575 4523 in
1604 4467 1720 4523 hac
1747 4486 1928 4541 quam
1957 4467 2018 4524 in
2049 4466 2184 4524 aliis
2211 4465 2542 4541 quibusvis,
2573 4484 2704 4540 quae
2733 4482 2854 4522 non
2883 4463 2960 4520 il-

546 4541 769 4613 lorum,
800 4543 905 4599 sed
931 4550 1274 4600 nostrorum
1314 4542 1434 4599 fuit
1466 4550 1822 4619 temporum.
1909 4544 2090 4612 Quod
2133 4544 2182 4601 si
2225 4543 2332 4619 qui
2359 4543 2479 4601 sint
2525 4543 2682 4602 inter
2725 4544 2960 4613 doctos,
