3234 5192
416 353 431 359 ·
488 345 604 402 376
1386 353 1465 392 nn
1482 351 1796 394 -ssnrsn'rs
1825 351 2016 392 muno.
2545 331 2806 413 [nrsru‘r.
2835 357 2902 396 x.

490 509 790 581 exponunt
818 499 911 558 vel
960 497 1033 558 de
1071 499 1248 572 Vecte,
1308 515 1410 554 seu
1434 497 1617 572 stipite
1673 497 1904 570 excelse,
1942 491 2165 570 pertica
2193 491 2462 568 oblonga,
2507 500 2573 553 ut
2615 494 2904 572 Lyranus,

494 582 809 660 Pagninus,
844 581 1171 657 Cajetanus.
1214 575 1573 651 Tremellius,
1608 575 1872 650 Drusius,
1906 574 2167 632 Piscator
2207 570 2284 631 ad
2317 581 2570 632 mentem
2615 575 2692 633 R.
2737 575 2904 634 Salo-

493 663 697 738 monis»,
730 661 831 738 qui
856 685 910 724 ω
937 661 1345 735 interpretatur
1390 657 1618 716 Gallica
1659 675 1805 714 voce
1832 677 1981 728 &pse
2008 654 2240 728 Per-che,
2287 673 2416 730 quae
2444 673 2480 711 a
2509 653 2717 714 Latina
2758 675 2904 714 voce

488 745 711 822 pertica
738 740 1059 814 deducitur,
1084 738 1180 797 vel
1212 758 1318 815 pro
1336 739 1479 814 palo
1508 757 1609 796 seu
1639 739 1789 794 malo
1809 736 1969 795 navis
1997 742 2057 794 et
2081 743 2346 792 antenna.
2392 734 2540 794 Haec
2567 735 2737 811 enim,
2767 735 2908 796 licet

495 825 853 900 aliquantum
881 821 1128 894 diversa,
1159 817 1233 877 ad
1262 818 1413 876 idem
1436 825 1630 876 tamen
1657 816 1995 891 referuntur,
2025 823 2092 873 ut
2119 814 2392 873 innuatur
2415 815 2642 892 lignum
2670 816 2906 892 aliquod

496 904 797 982 praealtum
826 910 885 960 et
926 901 981 958 in
988 919 1149 976 gens,
1200 899 1296 958 cui
1338 897 1668 974 affigeretur
1711 915 1946 974 serpens
1993 914 2204 971 aeneus,
2233 903 2301 954 ut
2329 895 2402 954 ab
2431 891 2698 954 omnibus
2724 896 2906 956 unde·

497 1003 725 1062 quaque
754 980 1009 1058 conspici
1034 987 1267 1057 posset,
1312 977 1463 1036 Tum
1490 986 1557 1037 ut
1596 985 1788 1036 erecto
1835 979 1945 1035 hoe
1991 983 2254 1052 serpente
2295 974 2367 1033 de
2395 983 2634 1052 peccato
2677 995 2782 1035 suo
2801 977 2907 1036 ad—

500 1063 722 1138 moniti,
766 1063 827 1120 in
853 1067 1147 1138 posterum
1176 1079 1211 1117 a
1239 1057 1413 1117 simili
1440 1057 1607 1134 lapsu
1659 1057 1772 1118 sibi
1817 1062 2105 1131 caverent,
2135 1063 2202 1114 ut
2231 1055 2304 1114 R.
2349 1055 2494 1114 Levi
2537 1056 2652 1116 ben
2682 1057 2913 1117 Gerson

490 1151 679 1218 notat,
714 1145 751 1176 “
770 1140 1060 1200 Existimo
1089 1139 1276 1198 Deum
1306 1138 1579 1213 voluisse,
1610 1146 1676 1197 ut
1703 1145 1866 1196 extet
1890 1136 2067 1214 hujus
2103 1135 2188 1194 rei
2213 1135 2443 1212 signum
2488 1144 2546 1195 et
2572 1157 2908 1196 monumen—

500 1234 643 1300 tum,
676 1221 832 1300 quod
858 1219 1207 1279 memorialis
1233 1220 1363 1277 loeo
1390 1219 1533 1296 ipsis
1552 1225 1724 1292 esset,
1753 1237 1868 1295 quo
1897 1217 1958 1274 in
1997 1224 2292 1294 posterum
2340 1215 2451 1274 sibi
2477 1237 2514 1274 a
2541 1217 2828 1276 calumnia
2853 1226 2914 1278 et

503 1303 919 1364 obtrectatione
962 1307 1235 1360 caverent
1258 1300 1315 1374 ;''
1358 1299 1507 1358 Tum
1537 1306 1602 1357 ut
1648 1317 1754 1376 per
1779 1307 2072 1375 aspectum
2119 1296 2248 1374 ejus
2290 1305 2628 1356 sanarentur
2653 1317 2690 1355 a
2709 1298 2914 1356 morsi-

502 1386 613 1445 bus
642 1391 989 1462 serpentum.
1071 1379 1409 1439 Abarbanel
1456 1387 1654 1438 censet
1679 1377 2028 1437 vocabulum
2075 1376 2434 1454 aequivocum
2483 1397 2610 1436 esse
2637 1377 2732 1436 hic
2751 1378 2918 1436 adhi-

502 1466 705 1535 bitum,
736 1462 893 1541 quod
932 1482 1049 1521 non
1076 1469 1301 1521 tantum
1314 1460 1546 1537 signum
1568 1478 1672 1520 seu
1691 1458 1974 1518 vexillum
1997 1456 2301 1534 significat,
2322 1456 2425 1515 sed
2445 1465 2504 1516 et
2529 1458 2916 1518 “miraculum

506 1554 565 1604 et
585 1544 929 1622 prodigium,
943 1542 1100 1619 qnod
1111 1541 1515 1599 miraculosum
1538 1547 1692 1600 esset
1713 1538 1914 1598 eadem
1929 1558 2008 1614 re,
2023 1558 2139 1616 qua
2157 1537 2456 1615 percussit,
2471 1539 2644 1596 etiam
2656 1540 2917 1597 sanare.''

589 1625 710 1682 XI.
759 1621 875 1681 Sed
900 1631 969 1681 ut
992 1623 1283 1680 incassum
1312 1619 1630 1679 remedium
1646 1627 1959 1698 pararetur,
1983 1619 2098 1677 nisi
2117 1617 2380 1696 ejusdem
2399 1618 2564 1678 fieret
2590 1619 2916 1696 applicatio,

509 1705 723 1762 frustra
748 1708 973 1761 erectus
1000 1701 1205 1760 fuisset
1242 1719 1477 1777 serpens
1505 1719 1719 1775 senene,
1749 1700 1862 1758 nisi
1889 1698 1965 1758 ad
1989 1717 2123 1758 eum
2153 1699 2352 1757 oculos
2379 1699 2802 1758 convertissent
2829 1700 2920 1758 Is·

510 1783 743 1853 raelitae,
773 1781 873 1858 qui
902 1789 1025 1840 erat
1050 1780 1185 1839 finis
1212 1780 1379 1838 istius
1408 1779 1731 1856 erectionis,
1761 1788 1826 1840 ut
1853 1799 2126 1858 expresse
2153 1787 2387 1838 notatur
2413 1799 2448 1838 a
2478 1778 2746 1855 Domino,
2782 1782 2818 1813 “
2841 1781 2922 1839 Et

508 1863 617 1922 erit
638 1862 965 1938 quicunque
983 1880 1209 1918 morsus
1224 1859 1413 1935 fuerit,
1434 1867 1493 1918 et
1512 1879 1644 1918 eum
1673 1861 1980 1937 aspexerit,
2009 1869 2149 1919 tunc
2176 1859 2398 1934 vivet,’'
2416 1858 2479 1917 id
2499 1868 2588 1918 est
2615 1861 2921 1919 sanitatem

510 1941 749 2020 recipiet
775 1951 835 2001 et
850 1940 1189 2000 liberabitur
1210 1961 1245 1999 a
1270 1947 1471 2016 morte,
1502 1959 1634 2016 quse
1654 1939 1740 1998 illi
1758 1940 1903 1998 alias
1923 1939 2309 2018 impendebat.
2353 1939 2560 1998 Voluit
2585 1939 2806 1999 seilicet
2835 1941 2926 1998 Is·

510 2023 743 2083 raelitas
764 2022 975 2082 intueri
994 2022 1149 2079 hunc
1164 2021 1515 2098 Serpentem,
1528 2027 1651 2080 tum
1667 2029 1933 2098 respectu
1954 2021 2204 2098 ipsorum
2220 2020 2625 2096 Israfflitarum,
2637 2029 2704 2080 ut
2725 2040 2758 2078 a
2773 2040 2929 2079 mor·

513 2105 677 2164 sibus
698 2102 999 2162 venenatis
1020 2109 1351 2180 serpentum
1370 2109 1726 2174 sanarentur,
1747 2109 1872 2160 tum
1901 2101 1992 2160 sui
2017 2109 2300 2178 respectu,
2324 2109 2388 2160 ut
2415 2100 2756 2160 miraculum
2773 2109 2928 2160 esset

512 2195 675 2244 tanto
692 2185 898 2262 majus,
930 2182 979 2242 si
1008 2201 1245 2260 serpens
1271 2181 1447 2239 vivus
1472 2180 1861 2257 momorderit,
1893 2189 1951 2242 et
1979 2201 2214 2258 serpens
2241 2189 2502 2240 mortuus
2530 2181 2836 2256 sanaverit,
2867 2189 2930 2240 et

514 2265 747 2342 quidem
770 2264 895 2322 solo
912 2270 1167 2340 aspectu.
1198 2260 1455 2320 Intuitus
1472 2269 1666 2321 autem
1688 2261 1797 2321 iste
1813 2281 1930 2320 non
1939 2260 2354 2338 intelligendus
2372 2270 2462 2321 est
2482 2269 2704 2321 tantum
2727 2281 2930 2340 corpo-

516 2364 651 2402 reus
706 2351 764 2402 et
816 2351 1109 2416 externae,
1160 2341 1265 2400 sed
1318 2341 1493 2400 etiam
1542 2341 1857 2419 spiritualis
1911 2349 1970 2400 et
1996 2341 2256 2402 internus
2284 2342 2356 2400 de
2385 2349 2622 2418 aspectu
2664 2341 2817 2416 fidei,
2870 2350 2932 2402 et

516 2423 707 2482 cordis
775 2422 850 2480 ad
919 2422 1109 2480 Deum
1178 2421 1518 2497 elevatione,
1596 2422 1754 2498 quod
1829 2421 2067 2480 Hebraei
2118 2429 2338 2496 notant,
2409 2421 2562 2480 unde
2630 2422 2675 2483 J
2676 2423 2932 2481 onathan

520 2502 933 2579 Paraphrastes
1002 2501 1311 2560 Chaldaeus
1384 2501 1467 2560 ita
1531 2501 1820 2578 transfert,
1894 2504 1930 2534 ‘⁶
1969 2501 2060 2560 fac
2128 2503 2238 2561 tibi
2317 2511 2639 2580 serpentem
2707 2522 2932 2561 aeneum

518 2593 579 2643 et
606 2603 757 2660 pone
786 2601 916 2640 eum
944 2582 1005 2640 in
1033 2581 1225 2640 locum
1254 2581 1560 2657 elevatum,
1592 2589 1654 2641 et
1679 2581 1779 2640 fiet
1817 2589 1884 2640 ut
1912 2581 1962 2640 si
1989 2601 2162 2658 quem
2189 2582 2562 2641 momorderit
2589 2602 2838 2661 serpenS,
2871 2591 2934 2642 et

519 2663 763 2723 intuitus
809 2661 981 2722 fuerit
1028 2681 1178 2738 eum,
1208 2668 1276 2721 ut
1322 2662 1708 2736 convalescat,
1749 2660 2034 2739 siquidem
2071 2662 2348 2722 direxerit
2374 2682 2475 2722 cor
2501 2683 2667 2722 suum
2697 2663 2772 2721 ad
2797 2683 2934 2722 ver-

518 2744 657 2803 bum
689 2742 982 2802 Domini.”
1066 2743 1323 2818 Targum
1353 2741 1604 2818 Hiems„
1654 2744 1690 2774 ‘⁸
1713 2743 1792 2801 Et
1813 2741 1912 2800 fiet
1935 2749 2003 2801 ut
2043 2743 2096 2801 si
2131 2743 2261 2820 quis
2298 2762 2526 2802 morsus
2552 2743 2723 2802 fuerit
2747 2763 2783 2800 a
2811 2762 2931 2802 ser-

518 2833 707 2902 pente,
740 2835 798 2884 et
818 2823 1021 2882 faciem
1052 2842 1215 2882 suam
1244 2823 1562 2882 elevaverit
1606 2823 1684 2882 ad
1709 2831 1930 2900 patrem
1981 2842 2147 2882 suum
2175 2824 2236 2881 in
2265 2823 2426 2882 coelis
2452 2824 2515 2881 in
2542 2823 2811 2896 oratione,
2841 2831 2930 2881 at-

521 2925 633 2983 que
664 2913 985 2983 serpentem
1015 2923 1239 2964 aeneum
1266 2903 1574 2980 aspexerit,
1606 2902 1898 2963 sanetur.'’
1980 2903 2053 2962 R.
2101 2903 2334 2964 Salomo
2383 2905 2654 2962 observat
2689 2903 2932 2962 verbum

522 3008 659 3046 ιιι-απ
684 2986 1024 3060 adhibitum,
1056 3004 1178 3044 ver.
1218 2987 1273 3058 9,
1308 2983 1652 3060 significare,
1687 2985 1988 3062 “aspicere
2011 3003 2142 3044 cum
2165 2984 2482 3044 intentione
2505 2985 2693 3043 cordis
2715 2983 2938 3043 scilicet

521 3065 597 3124 ad
628 3066 872 3124 Deum.'’
958 3065 1117 3124 Hine
1146 3065 1355 3140 Arabs,
1412 3067 1447 3097 ‘⁴
1470 3064 1584 3139 Qui
1627 3073 1998 3124 convertetur
2043 3064 2118 3123 ad
2147 3084 2278 3123 eum
2323 3065 2610 3142 poenitens
2645 3073 2935 3142 superstes

522 3145 690 3204 erit.’'
748 3145 923 3204 Liber
955 3144 1280 3221 Sapientiae,
1313 3163 1437 3222 cap.
1468 3146 1591 3204 xvi.
1619 3166 1741 3204 ver.
1777 3149 1830 3222 5,
1857 3148 1911 3221 6,
1945 3149 2000 3221 7,
2041 3145 2114 3204 de
2141 3145 2252 3203 hoe
2281 3145 2364 3204 ita
2387 3145 2682 3222 loquitur:
2728 3145 2936 3204 “Cum

523 3243 624 3281 eos
652 3243 809 3281 saeva
836 3223 1151 3282 bestiarum
1178 3224 1264 3281 ira
1292 3224 1617 3300 invasisset,
1651 3245 1718 3283 ac
1745 3227 2032 3285 morsibus
2060 3225 2366 3284 noxiorum
2415 3233 2744 3303 serpentum
2788 3225 2935 3284 inte-

520 3303 715 3376 rirent,
746 3302 821 3359 ad
849 3309 1170 3360 extremum
1198 3323 1315 3360 non
1340 3305 1656 3380 permansit
1683 3305 1768 3362 ira
1793 3312 1910 3378 tua,
1942 3306 2045 3364 sed
2072 3305 2480 3366 admonitionis
2508 3306 2696 3383 gratia
2721 3306 2940 3383 paulis-

521 3401 627 3459 per
680 3381 911 3440 fuerunt
962 3381 1298 3457 perturbati,
1351 3382 1581 3458 signum
1637 3383 1840 3442 salutis
1895 3385 2160 3444 habentis
2213 3386 2372 3462 quod
2418 3406 2701 3445 memores
2775 3405 2938 3444 man·

525 3461 647 3520 dati
672 3460 849 3538 Legis
876 3469 991 3520 tuse
1020 3481 1119 3520 eos
1146 3459 1447 3521 redderet:
1490 3481 1679 3539 neque
1707 3463 1860 3520 enim
1889 3464 1988 3540 qui
2017 3473 2350 3542 respexerat
2396 3473 2630 3544 propter
2678 3485 2798 3526 rem
2847 3466 2937 3523 vi-

524 3561 665 3616 sam,
698 3539 801 3599 sed
826 3549 1062 3619 propter
1086 3549 1145 3599 te
1174 3541 1429 3600 omnium
1470 3541 1834 3602 Servatorem
1865 3544 2254 3604 servabatur.”

610 3621 765 3680 XII.
811 3621 905 3680 Ex
934 3621 1145 3699 quibus
1174 3621 1483 3699 colligitur,
1513 3642 1620 3682 nee
1651 3631 1974 3700 serpentem
2003 3623 2192 3702 ipsum
2240 3625 2552 3704 quicquam
2577 3625 2812 3686 virtutis
2837 3626 2944 3684 ha-

524 3703 721 3764 buisse
748 3702 823 3761 ad
850 3701 1021 3761 istam
1052 3701 1409 3761 sanationem
1434 3702 1871 3780 procurandam,
1923 3723 2030 3763 nec
2073 3714 2366 3782 aspectum
2397 3707 2526 3784 ejus
2567 3705 2642 3765 ad
2685 3727 2812 3766 eam
2839 3727 2947 3784 per

525 3803 588 3844 se
644 3781 867 3861 aliquid
912 3783 1262 3857 eontulisse;
1306 3782 1449 3860 quid
1496 3784 1648 3842 enim
1704 3784 1800 3842 vel
1847 3803 2082 3863 serpens
2137 3805 2330 3844 aeneus
2377 3788 2473 3846 vel
2523 3788 2648 3864 ejus
2695 3787 2944 3847 intuitus

524 3865 599 3923 ad
626 3864 840 3924 veneni
867 3861 1118 3922 lethiferi
1146 3863 1498 3922 curationem
1537 3865 1746 3941 juvare
1795 3865 2026 3942 potuit?
2110 3865 2320 3925 Procul
2349 3867 2501 3925 enim
2539 3867 2634 3926 hic
2681 3887 2808 3926 esse
2837 3885 2944 3925 vo-

525 3944 719 4004 lumus
771 3945 1112 4021 figmentum
1167 3963 1382 4020 eorum,
1430 3944 1531 4021 qui
1580 3945 1888 4004 commenti
1937 3953 2088 4022 sunt,
2145 3966 2274 4006 esse
2327 3947 2582 4024 aliquam
2628 3947 2943 4025 imaginem

526 4025 960 4102 Astrologieam
988 4022 1199 4082 factam
1220 4023 1397 4101 juxta
1430 4031 1617 4083 certas
1665 4025 2132 4085 constellationes
2161 4034 2220 4085 et
2259 4027 2512 4087 siderum
2541 4036 2808 4105 aspectus
2837 4047 2944 4086 seu

523 4107 830 4184 posituras,
861 4125 991 4182 quae
1018 4103 1293 4163 virtutem
1322 4105 1588 4165 habuerit
1615 4105 1889 4182 abigendi
1918 4114 2228 4184 serpentes,
2259 4115 2319 4168 et
2345 4127 2544 4167 eorum
2584 4127 2810 4166 morsus
2841 4126 2944 4166 cu-

528 4185 709 4261 randi,
742 4185 945 4262 quales
994 4193 1129 4244 sunt
1174 4184 1394 4262 figurae,
1442 4205 1587 4262 quas
1637 4183 1867 4244 Arabes
1920 4188 2208 4246 Talisman
2255 4195 2484 4264 vocant,
2531 4196 2598 4247 ut
2624 4187 2726 4246 alii
2769 4186 2946 4264 impie

524 4266 836 4340 finxerunt,
860 4285 977 4324 non
996 4264 1359 4325 attendentes
1380 4266 1696 4325 vanitatem
1717 4265 1956 4326 istarum
1973 4266 2458 4343 observationum,
2491 4277 2548 4328 et
2575 4267 2948 4326 interdictum

524 4345 700 4405 toties
728 4365 764 4403 a
794 4345 922 4404 Deo
948 4345 1145 4404 datum
1196 4345 1269 4404 de
1313 4345 1387 4404 iis
1434 4345 1730 4406 faciendis.
1817 4346 1910 4406 Ita
1937 4347 2083 4405 nihil
2137 4347 2296 4407 aliud
2343 4367 2472 4407 esse
2517 4349 2724 4426 potuit,
2769 4365 2948 4425 quam

526 4443 685 4482 mera
712 4444 887 4482 causa
902 4425 1152 4500 moralis,
1177 4425 1252 4484 ad
1280 4427 1447 4504 cujus
1474 4426 1840 4504 praesentiam
1873 4427 2034 4486 Deus
2055 4428 2414 4505 operabatur,
2448 4448 2551 4487 seu
2579 4428 2811 4506 signum
2839 4447 2949 4486 ex-

528 4512 755 4561 ternum
810 4511 870 4561 et
924 4505 1195 4563 sensibile
1251 4505 1470 4582 gratiae,
1529 4526 1704 4584 quam
1739 4507 1902 4566 Deus
1937 4527 2173 4567 exerere
2211 4508 2449 4568 volebat
2490 4508 2564 4566 ad
2591 4509 2752 4568 istud
2778 4527 2945 4586 opus,

525 4581 816 4660 quomodo
844 4582 903 4638 in
924 4583 1216 4642 miraculis
1244 4585 1523 4660 homiues,
1570 4587 1665 4644 vel
1696 4587 1885 4644 media
1917 4587 2128 4664 quibus
2169 4589 2252 4647 uti
2283 4588 2533 4664 volebat,
2563 4589 2708 4647 nihil
2754 4588 2950 4665 quoad

526 4681 588 4720 se
619 4659 987 4717 conserebant
1034 4661 1107 4718 ad
1154 4681 1297 4737 opus
1346 4663 1864 4722 extraordinarium
1912 4667 2066 4742 quod
2118 4667 2577 4744 producebatur3
2629 4668 2744 4729 Sed
2789 4669 2951 4727 Deus
