3234 5192
525 309 640 366 552
1088 327 1166 366 nn
1197 325 1673 366 SATISFACTIONIS
1700 323 1939 364 cnnls'n
1968 319 2287 370 rummare,
2492 301 2757 381 [Disrur.
2787 321 2955 362 xvir.

527 465 638 526 dus
664 465 830 544 quasi
857 487 1090 526 causam
1117 467 1292 527 ullam
1323 466 1385 527 in
1413 487 1476 526 se
1512 465 1781 525 habuerit
1824 471 2059 542 propter
2100 483 2275 540 quam
2317 483 2356 522 a
2384 461 2511 519 Deo
2528 459 2727 526 ,deseri
2756 482 2949 522 mere-

525 555 700 622 retur,
733 546 837 608 sed
864 547 924 604 in
951 567 1196 624 persona
1225 547 1534 625 Sponsoris
1551 547 1718 624 cujus
1748 545 1993 604 officium
2025 563 2127 620 pro
2156 543 2324 602 nobis
2343 551 2672 619 susceperat
2698 564 2712 600 ι
2756 543 2948 602 Dese-

527 627 736 686 seritur
777 629 847 686 E.
879 627 1144 688 Christus
1187 637 1253 687 ut
1297 627 1612 686 satisfaciat
1655 647 1759 703 pro
1804 625 2073 688 omnibus
2118 621 2541 682 desertionibus
2582 622 2813 682 nostris.
2864 623 2949 682 In

527 707 758 766 Adamo
787 717 1061 785 peccante
1109 709 1298 768 Deum
1343 727 1542 766 omnes
1585 704 2039 778 deserueramus,
2086 704 2203 762 imo
2248 702 2479 780 singula
2517 711 2755 780 peccata
2791 702 2951 762 nihil

526 787 686 846 aliud
715 797 849 857 sunt
876 807 1050 867 quam
1094 787 1344 847 desertio
1393 797 1452 846 et
1496 787 1725 844 aversio
1772 806 1807 843 a
1858 785 2003 859 De0,
2033 793 2092 843 et
2136 783 2438 844 conversio
2479 782 2557 841 ad
2596 793 2941 860 creaturam,

527 867 652 927 Jer.
683 868 742 926 ii.
777 871 870 928 13.
954 869 1098 927 Cum
1149 867 1329 946 igitur
1375 867 1548 928 homo
1590 885 1695 943 per
1740 865 1969 942 culpam
2018 884 2181 924 suam
2223 863 2285 920 id
2324 863 2564 922 meritus
2605 871 2759 925 essct
2784 873 2848 922 ut
2874 864 2947 922 in

527 967 756 1024 poenam
785 969 820 1009 a
851 948 976 1008 Deo
1005 948 1378 1022 desereretur,
1412 946 1675 1007 Christus
1703 946 1827 1023 ipse
1849 944 2035 1007 deseri
2060 944 2245 1002 voluit
2270 963 2345 1001 ne
2372 963 2479 1002 nos
2506 942 2901 1002 desereremur
2930 967 2947 1020 ;

499 1063 506 1068 -
529 1028 782 1105 separari
810 1025 996 1086 voluit
1023 1029 1096 1086 ab
1125 1027 1251 1104 ipso
1279 1048 1352 1086 ne
1381 1026 1502 1086 ulla
1540 1027 1789 1103 amplius
1818 1035 1971 1084 esset
1998 1026 2148 1083 inter
2187 1044 2294 1082 nos
2322 1032 2381 1082 ct
2410 1022 2601 1082 Deum
2630 1023 2937 1100 separatio,

529 1107 632 1167 sed
656 1116 719 1167 ut
739 1117 1014 1166 aeternum
1039 1128 1166 1167 cum
1197 1108 1324 1185 ipso
1347 1109 1633 1167 vivamus.
1658 1107 1851 1166 Causa
1874 1107 1950 1163 E.
1973 1105 2269 1182 impulsiva
2294 1103 2405 1162 fuit
2426 1104 2714 1178 separatio
2740 1113 2944 1164 nostra

529 1209 564 1246 a
595 1189 737 1259 De0,
766 1189 950 1256 finalis
977 1197 1175 1248 nostra
1217 1208 1350 1248 cum
1397 1187 1524 1246 Deo
1569 1185 1893 1261 conjunctim
1924 1184 2191 1244 desertus
2224 1193 2313 1244 est
2339 1183 2477 1258 quia
2503 1182 2941 1242 deserueramus

529 1288 662 1326 eum
690 1268 845 1342 olim,
879 1277 936 1328 et
953 1289 1026 1328 ne
1066 1269 1128 1328 in
1149 1277 1440 1346 posterum
1469 1287 1600 1326 eum
1624 1266 2047 1326 desereremus:
2076 1264 2399 1340 derelinqui
2418 1263 2637 1336 debuit,
2666 1264 2802 1340 quia
2824 1263 2885 1321 id
2902 1284 2943 1322 a

530 1347 658 1408 Deo
679 1369 1086 1422 merueramus,
1111 1359 1171 1409 ct
1193 1348 1378 1408 voluit
1397 1348 1566 1421 idem,
1586 1367 1661 1406 ne
1682 1366 1935 1424 unquam
1954 1345 2027 1404 ab
2050 1365 2119 1403 eo
2140 1365 2243 1421 pro
2280 1343 2485 1404 merito
2514 1343 2935 1420 derelinquere-

529 1448 674 1488 mur.
723 1430 878 1490 Hinc
909 1430 1156 1491 desertio
1185 1431 1298 1489 ista
1326 1438 1455 1490 utut
1483 1429 1713 1487 Christo
1732 1425 2118 1499 acerbissima,
2140 1425 2307 1484 nobis
2328 1435 2520 1482 tamen
2540 1423 2937 1482 dulcissimum

530 1509 860 1586 suppeditat
877 1510 1162 1586 solatium,
1186 1507 1671 1587 quemadmodum
1694 1506 1844 1566 enim
1864 1503 2193 1564 maledictio
2216 1503 2431 1564 Christi
2450 1513 2701 1562 nostram
2724 1514 2937 1581 postse

529 1591 708 1648 traxit
751 1590 1230 1664 benedictionem,
1260 1597 1568 1666 paupertas
1613 1589 1740 1665 ejus
1784 1595 2013 1646 nostras
2040 1584 2291 1659 divitias,
2324 1584 2569 1644 vulnera
2610 1585 2932 1658 sanitatem,

528 1669 847 1744 ignominia
873 1669 1136 1746 gloriam,
1167 1689 1324 1728 mors
1364 1669 1562 1742 vitam,
1592 1669 1677 1726 ita
1720 1666 1969 1726 desertio
2013 1667 2138 1725 haec
2176 1675 2429 1727 nostram
2460 1684 2589 1724 cum
2624 1665 2749 1723 Deo
2776 1684 2935 1723 com-

530 1749 863 1828 munionem
891 1749 1142 1808 obtinuit
1170 1758 1228 1808 et
1245 1755 1528 1825 operatur.
1561 1746 1767 1804 Ambr.
1798 1745 1869 1806 de
1900 1746 2148 1818 Incarn.,
2180 1765 2231 1804 c.
2262 1748 2316 1820 5,
2351 1748 2386 1777 “
2410 1745 2695 1818 Quoniam
2724 1743 2937 1804 delicta

529 1829 718 1886 aliena
746 1828 990 1905 suscepi,
1021 1827 1195 1886 etiam
1225 1829 1564 1887 delictorum
1593 1826 1913 1886 alienorum
1935 1827 2178 1884 verbera
2204 1825 2449 1904 suscepi,
2481 1834 2547 1884 ut
2574 1845 2665 1884 me
2693 1824 2934 1884 derelic-

527 1919 650 1968 tum
681 1929 716 1966 a
745 1908 915 1967 Patre
939 1907 1242 1968 dicerem.’'
1553 1945 1560 1957 ι

613 1982 865 2049 XVIII.
911 1988 1068 2048 Hinc
1118 1989 1410 2065 colligitur
1437 1997 1716 2065 quantum
1759 2006 1795 2044 a
1835 1986 2078 2044 veritate
2112 1985 2415 2046 discedant
2442 1985 2545 2062 qui
2590 1983 2763 2062 hujus
2790 2005 2937 2060 que·

530 2069 790 2128 rimoniae
808 2089 1040 2128 causam
1063 2069 1176 2128 Vel
1200 2069 1275 2128 ad
1290 2069 1556 2128 humanae
1577 2077 1797 2129 naturae
1820 2066 2263 2126 declarationem
2286 2065 2556 2138 referunt,
2582 2075 2647 2124 ut
2666 2065 2932 2141 Epipha„

529 2151 629 2228 qui
659 2151 954 2210 existimat
981 2151 1106 2212 haeo
1132 2148 1249 2209 dici
1277 2170 1314 2207 a
1340 2149 1569 2208 Christo
1610 2150 1991 2225 ὦνθροποπαθὸς
2040 2147 2082 2204 ἔν
2108 2146 2349 2224 προσ-ἄτῃ
2376 2151 2459 2212 τῖς
2506 2148 2660 2205 αὐτοῦ
2706 2147 2935 2225 transgu-

532 2235 717 2306 «vin-⁶,
739 2243 798 2290 et
827 2231 1104 2308 Euthym.
1135 2231 1195 2289 in
1216 2231 1370 2290 hunc
1391 2230 1599 2304 locum,
1629 2234 1664 2262 ‘⁴
1688 2230 1821 2286 Hoc
1842 2227 1999 2302 dicit,
2026 2229 2371 2286 confirmans
2387 2223 2543 2302 quod
2567 2227 2717 2285 sicut
2744 2226 2805 2285 in
2832 2245 2935 2286 ve—

530 2313 700 2371 ritate
729 2311 1042 2387 assumpsit
1069 2319 1333 2368 naturam
1359 2311 1689 2384 humanam,
1722 2308 1804 2366 ita
1850 2326 2081 2385 quoque
2125 2327 2261 2366 vere
2288 2306 2599 2366 crucifixus
2628 2306 2703 2365 sit
2730 2316 2789 2366 et
2816 2325 2937 2366 non

533 2391 912 2467 phantastice,
943 2409 1129 2466 neque
1160 2390 1312 2447 enim
1357 2389 1468 2447 nisi
1513 2388 1737 2446 doleret
1778 2387 1859 2446 ita
1888 2387 2193 2446 clamasset
2212 2386 2267 2463 ;”
2313 2384 2427 2444 Vel
2472 2386 2547 2445 ad
2576 2387 2777 2446 mortis
2806 2407 2933 2446 eor·

531 2490 720 2547 poreae
748 2479 971 2529 tantuin
1001 2480 1216 2527 metum
1247 2479 1305 2528 et
1332 2469 1645 2542 horrorem,
1677 2476 1744 2526 ut
1774 2467 2099 2540 Pontificii3
2144 2467 2425 2541 Quamvis
2451 2467 2603 2526 enim
2632 2467 2935 2544 utriusque

533 2549 772 2608 evidens
801 2557 1205 2624 argumentum
1233 2547 1294 2604 in
1335 2547 1444 2608 hac
1487 2547 1905 2607 exclamatione
1934 2548 2186 2624 praebeat
2215 2567 2329 2623 quo
2358 2557 2585 2606 constat
2611 2567 2727 2606 non
2754 2547 2935 2610 fuisse

531 2650 662 2691 eum
691 2629 982 2703 ἆιαίστθητοι,
1013 2627 1116 2688 sed
1153 2647 1351 2688 verum
1395 2627 1689 2686 hominem
1729 2627 1897 2686 nobis
1941 2629 2221 2701 ὅμοιοπαοῗ,
2252 2646 2368 2685 non
2398 2637 2521 2686 erat
2546 2637 2741 2688 tamen
2776 2628 2937 2704 quod

531 2720 650 2768 tam
677 2709 948 2770 flebiliter
974 2718 1033 2770 et
1061 2728 1250 2766 amare
1296 2716 1744 2785 conquereretur
1790 2707 1843 2766 si
1879 2708 2024 2766 nihil
2052 2707 2213 2768 aliud
2240 2727 2373 2766 eum
2401 2707 2679 2767 ursisset:
2720 2728 2853 2766 nam
2882 2709 2939 2768 si

531 2790 759 2850 dolores
787 2789 1042 2868 corporis
1071 2799 1412 2866 spectemus,
1460 2796 1561 2849 aut
1607 2788 1843 2848 eosdem
1870 2798 1971 2847 aut
2014 2788 2187 2846 etiam
2218 2789 2467 2864 majores
2494 2787 2589 2846 vel
2618 2797 2772 2846 certe
2800 2807 2935 2864 pro-

528 2870 766 2932 lixiores
795 2872 975 2930 sensit
1002 2871 1170 2930 aliter
1197 2869 1294 2928 ille
1323 2870 1488 2944 latro,
1518 2868 1619 2944 qui
1648 2879 1841 2929 tamen
1881 2889 1999 2926 non
2026 2879 2376 2944 conquestus
2404 2876 2493 2926 est
2520 2887 2584 2926 se
2612 2888 2647 2927 a
2678 2869 2802 2928 Deo
2830 2867 2934 2931 de-

529 2953 660 3014 seri.
721 2952 926 3012 Petrus
955 2952 1126 3012 etiam
1156 2950 1336 3010 fertur
1363 2949 1675 3009 crucifixus
1692 2947 1997 3025 etquidem
2028 2947 2259 3006 inverso
2288 2948 2474 3024 capite
2502 2949 2659 3025 quod
2686 2947 2935 3008 crudeli·

525 3033 664 3092 tatis
690 3041 1001 3109 augmento
1030 3032 1307 3104 tribuunt,
1339 3029 1578 3089 confidit
1603 3038 1798 3088 tamen
1826 3049 1887 3088 se
1914 3049 1951 3088 a
1981 3028 2107 3087 Deo
2136 3027 2423 3088 sustineri.
2508 3029 2669 3105 Ergo
2696 3049 2936 3090 necesse

531 3123 620 3170 est
647 3124 856 3189 praeter
881 3113 1110 3172 dolores
1138 3110 1395 3187 corporis
1423 3109 1646 3186 aliquid
1672 3111 1847 3186 longe
1888 3109 2076 3184 majus
2103 3108 2281 3168 fuisse
2304 3117 2363 3167 et
2389 3109 2627 3185 gravius
2654 3109 2713 3170 in
2740 3109 2940 3170 anima

531 3191 744 3250 Christi
773 3192 930 3266 quod
958 3191 1188 3251 Christo
1216 3191 1365 3248 hanc
1393 3209 1596 3248 vocem
1640 3209 1909 3266 magnam
1938 3200 1997 3248 et
2022 3188 2178 3248 hunc
2206 3189 2513 3248 clamorem
2542 3190 2893 3265 expresserit
2916 3213 2933 3266 ς

530 3271 662 3329 Non
690 3279 881 3345 potest
928 3279 1119 3328 autem
1169 3269 1328 3328 aliud
1371 3289 1500 3328 esse
1543 3289 1716 3345 quam
1759 3269 1853 3328 hic
1880 3270 1981 3326 irae
2008 3268 2222 3326 divinae
2252 3287 2455 3326 sensus
2482 3287 2650 3344 quem
2682 3269 2938 3330 desertio

528 3349 642 3408 ista
669 3368 864 3406 secum
892 3350 1172 3422 trahebat,
1203 3348 1346 3424 quid
1392 3349 1544 3408 enim
1594 3348 1928 3406 horribilius
1973 3368 2147 3426 quam
2200 3348 2391 3406 Deum
2434 3349 2647 3407 sentire
2672 3349 2935 3425 judicem

529 3429 697 3504 cujus
723 3428 810 3486 ira
835 3439 1050 3488 mortes
1068 3448 1268 3487 omnes
1297 3437 1529 3504 superat
1548 3429 1576 3486 Ρ
1607 3428 1691 3488 Ut
1722 3427 1789 3486 E.
1820 3447 1951 3488 cum
1978 3427 2157 3486 variis
2184 3427 2519 3486 certandum
2551 3428 2780 3488 Christo
2802 3429 2931 3506 fuit,

533 3507 799 3583 Diabolo,
831 3507 1064 3582 mundo,
1095 3518 1154 3568 et
1183 3509 1310 3568 Deo
1339 3507 1464 3584 ipso
1492 3517 1557 3567 ut
1577 3507 1793 3586 judice,
1820 3508 1900 3568 ita
1920 3507 2307 3568 diversimode
2337 3529 2477 3585 erga
2502 3507 2660 3585 ipsos
2690 3509 2935 3570 affectus

529 3589 656 3650 fuit.
708 3589 943 3650 Diaboli
971 3588 1200 3666 quidem
1233 3589 1490 3666 potentia
1517 3589 1630 3648 etsi
1660 3588 1908 3648 terrifica
1943 3587 2089 3646 nihil
2106 3607 2239 3648 eum
2266 3589 2468 3658 movit,
2500 3589 2615 3648 imo
2638 3589 2934 3648 confiden-

528 3679 618 3730 ter
644 3670 729 3730 illi
759 3669 999 3730 insultat
1026 3689 1158 3729 cum
1185 3676 1430 3729 testatur
1459 3669 1787 3746 Principem
1832 3668 2033 3728 mundi
2076 3669 2211 3745 ejici
2238 3668 2409 3742 foras,
2440 3669 2579 3728 Joh.
2610 3670 2711 3728 xii.
2743 3673 2839 3744 31,
2868 3681 2935 3730 et

529 3751 760 3811 venisse
787 3770 936 3825 eum,
969 3751 1072 3810 sed
1119 3749 1264 3810 nihil
1291 3748 1504 3808 habere
1532 3749 1593 3808 in
1644 3769 1722 3825 se,
1766 3750 1811 3810 J
1814 3751 1907 3808 oh.
1950 3749 2071 3808 xiv.
2116 3751 2213 3808 30.
2261 3749 2359 3808 Sic
2379 3749 2657 3808 mundum
2688 3750 2933 3826 ejusque

529 3840 771 3892 conatus
799 3851 998 3890 omnes
1026 3830 1289 3908 despicit,
1321 3829 1456 3907 quia
1484 3830 1592 3890 scit
1620 3849 1751 3892 eum
1775 3830 1899 3905 jam
1927 3849 1963 3887 a
1991 3848 2053 3888 se
2082 3827 2301 3887 victum
2330 3849 2473 3903 esse,
2505 3829 2547 3889 J
2552 3829 2647 3888 oh.
2674 3830 2797 3888 xvi.
2828 3833 2926 3906 33,

525 3912 659 3972 ideo
688 3931 820 3970 cum
847 3920 1050 3987 captus
1079 3925 1184 3985 est,
1215 3909 1557 3988 flagellatu8‚
1589 3910 1861 3970 convitiis
1889 3908 2144 3983 affectus,
2176 3929 2293 3967 non
2321 3909 2549 3984 clamat,
2578 3909 2696 3968 imo
2724 3909 2926 3968 obmu-

526 3993 715 4066 tescit,
746 3992 883 4068 quia
910 4001 1048 4052 tunc
1075 3991 1314 4052 videbat
1339 4011 1458 4050 rem
1505 3990 1617 4049 sibi
1662 4010 1788 4050 esse
1818 4010 1946 4048 cum
1975 3989 2323 4048 hominibus.
2390 3988 2475 4047 At
2502 4009 2635 4048 cum
2665 3990 2778 4048 Dei
2805 4009 2927 4048 ma-

525 4093 664 4132 num
683 4072 859 4131 sentit
880 4081 937 4130 et
959 4093 1090 4130 cum
1104 4072 1334 4148 justitia
1355 4071 1534 4146 ipsius
1555 4069 1823 4144 luctatur,
1843 4079 1965 4134 tum
1988 4069 2214 4142 clamat,
2240 4077 2297 4128 et
2318 4068 2528 4129 clamat
2548 4090 2679 4130 voce
2697 4091 2925 4148 magna,

525 4155 663 4231 quia
691 4152 801 4212 scit
827 4150 1176 4210 horrendum
1205 4171 1331 4210 esse
1359 4150 1420 4209 in
1447 4169 1653 4210 manus
1682 4150 1797 4208 Dei
1823 4150 2077 4208 viventis
2105 4149 2327 4222 cadere,
2361 4147 2514 4208 Heb.
2544 4171 2603 4210 x.
2636 4153 2733 4210 31.

609 4233 801 4292 XIX.
847 4231 978 4292 Non
1007 4251 1146 4309 ergo
1173 4230 1423 4297 desertio
1464 4231 1576 4288 ista
1603 4230 1965 4290 extrinsecus
1996 4239 2219 4290 tantum
2246 4239 2337 4290 est
2363 4229 2745 4308 intelligenda
2771 4229 2930 4307 quod

529 4313 701 4373 Pater
729 4331 860 4372 eum
889 4311 1259 4389 dereliquerit
1299 4311 1361 4370 in
1407 4311 1675 4370 manibus
1702 4309 2061 4384 Judaeorum,
2092 4310 2348 4386 praestito
2376 4310 2431 4368 ei
2458 4310 2741 4371 adversus
2768 4311 2926 4386 ipsos

526 4393 744 4452 auxilio
773 4391 934 4452 nullo
963 4393 1270 4470 quominus
1297 4390 1469 4450 morti
1496 4390 1831 4467 traderetur,
1864 4389 2023 4468 quod
2044 4390 2221 4448 vellet
2238 4389 2513 4448 Bellarm.
2542 4391 2603 4450 li.
2635 4391 2709 4450 de
2736 4391 2931 4450 anima

511 4474 660 4532 Chr.
691 4493 742 4530 c.
772 4475 827 4544 8,
859 4492 1045 4549 neque
1091 4473 1242 4530 enim
1291 4471 1482 4531 statim
1528 4471 2006 4548 derelinquuntur
2048 4471 2149 4547 qui
2189 4471 2652 4546 persecutoribus
2690 4470 2925 4549 permit-

522 4560 760 4622 tuntur;
805 4553 839 4584 “
865 4551 1330 4613 Persecutionem
1379 4552 1665 4628 patimur’'
1699 4549 1915 4630 (inquit
1945 4547 2189 4630 Paulus)
2223 4553 2257 4583 “
2280 4549 2385 4610 sed
2428 4571 2545 4610 non
2576 4550 2925 4629 derelinqui-

521 4631 710 4707 mur,’'
741 4635 777 4688 2
810 4630 939 4688 Cor.
971 4631 1047 4689 iv.
1079 4631 1134 4690 9.
1224 4629 1448 4690 Deinde
1477 4630 1815 4690 derelictum
1861 4652 1921 4690 se
1966 4630 2040 4690 ad
2086 4641 2327 4690 mortem
2357 4650 2691 4708 corpoream
2716 4631 2927 4692 horum
