3234 5192
304 360 543 411 mam.
572 344 737 428 vnn]
1063 358 1294 405 noenu
1323 358 1401 403 Aa
1429 360 1718 405 secessu
1746 360 2015 407 nouum.
2607 348 2722 409 201

308 519 523 585 tamen,
554 507 606 567 si
630 526 749 567 non
766 506 1001 565 omnino
1020 505 1161 565 satis
1188 514 1342 565 recte
1362 512 1615 567 mentem
1637 515 1838 566 mutuo
1855 506 2230 584 percepimus,
2255 507 2366 567 hoc
2387 510 2448 567 in
2475 528 2732 585 presens

312 590 595 668 optimum
622 588 718 662 sit,
741 596 810 647 ut
836 588 1087 645 invicem
1116 585 1290 644 amici
1338 586 1535 662 simus,
1588 594 1650 643 et
1697 586 1917 663 optima
1963 607 2209 664 quaeque
2229 596 2432 647 mutuo
2459 589 2532 647 de
2561 586 2732 651 nobis

312 664 563 728 invicem
593 666 985 746 polliceamur,
1037 666 1222 724 donec
1262 665 1463 743 gluma
1508 674 1567 724 et
1615 686 1768 743 aqua
1807 666 2096 725 faculenta
2143 667 2378 725 tandem
2406 668 2728 730 subsidat.”

316 744 415 809 Sic
442 749 505 805 in
534 748 779 807 Polonia
806 746 1133 822 evangelici
1174 764 1519 805 consensum
1554 745 1932 805 Sendomiriae
1959 746 2232 821 inierunt,
2264 767 2356 806 an.
2391 750 2565 807 1570.
2651 751 2730 809 Et

314 828 611 887 Bohemiae
641 826 907 901 Ordines,
936 844 1088 883 anno
1114 827 1285 900 1575,
1316 825 1583 901 exemplo
1614 824 1984 901 Polonorum,
2012 826 2112 903 qui
2135 826 2508 902 Hussiticam,
2541 829 2734 889 Bobe-

312 908 523 967 micam
550 915 609 966 et
638 906 1045 983 Augustanam
1078 904 1508 964 confessionem
1530 904 1933 981 sequebantur,
1957 906 2256 965 unanimes
2285 906 2346 963 in
2373 926 2735 967 communem

314 986 453 1045 fidei
478 986 783 1046 formulam
828 992 1253 1059 convenerunt3
1297 1002 1469 1060 quam
1516 982 1839 1061 Imperator
1887 986 2323 1045 Maximilianus
2371 995 2508 1045 tunc
2551 997 2736 1047 ratam

316 1064 523 1125 habuit
549 1074 609 1124 et
636 1064 945 1125 securitate
971 1063 1231 1123 donavit.
1284 1063 1374 1123 Ne
1397 1064 1523 1140 jam
1548 1063 1854 1139 loquamur
1881 1063 1953 1123 de
1981 1064 2142 1123 civili
2168 1066 2380 1123 unione
2410 1066 2732 1145 principum

315 1154 377 1205 et
422 1145 689 1205 ordinum
735 1144 1197 1220 evangelicorum
1248 1142 1311 1201 in
1354 1142 1611 1220 imperi0,
1655 1163 1760 1221 per
1805 1163 1980 1220 quam
2029 1144 2140 1220 ipsi
2189 1144 2508 1206 Reformati
2550 1148 2735 1223 agniti

318 1233 456 1285 sunt
480 1225 636 1283 Socii
663 1224 1033 1299 confessionis
1056 1224 1419 1299 Augustam,
1449 1230 1517 1281 ut
1562 1222 1624 1279 in
1671 1223 2054 1282 conventibus
2097 1224 2652 1286 Monasteriensibus
2680 1236 2738 1287 et

324 1303 871 1381 Osnabrugensibus
898 1303 1007 1363 fuit
1034 1302 1407 1363 declaratum.
1452 1301 1594 1376 Quae
1623 1301 1832 1378 omnia,
1863 1320 1981 1362 non
2009 1302 2442 1379 impossibilem,
2465 1305 2570 1364 sed
2597 1306 2733 1365 saci·

322 1378 443 1440 lem
471 1382 593 1442 fore
622 1383 1077 1459 syncretismum,
1108 1382 1157 1441 si
1206 1382 1473 1458 utrinque
1522 1382 1728 1458 spiritu
1771 1381 2068 1441 charitatis
2116 1390 2176 1441 et
2220 1383 2381 1459 pacis
2428 1393 2738 1460 agerentur

325 1461 547 1537 fideles,
576 1462 902 1523 ostendunt.
968 1463 1053 1523 Ut
1080 1461 1339 1539 theologi
1388 1462 1840 1538 Marpurgenses
1867 1470 1926 1520 et
1956 1461 2322 1521 Rintelenses
2349 1482 2466 1521 non
2494 1464 2576 1521 ita
2613 1466 2729 1541 pri·

328 1540 481 1617 dem,
509 1542 571 1599 in
617 1542 905 1619 Colloqm'o
958 1542 1285 1601 Gwellano
1332 1540 1674 1600 auctoritate
1725 1540 2089 1599 Serenissimi
2119 1540 2406 1619 Principis
2433 1542 2737 1603 wilhelmi

329 1616 561 1681 Hassiae
590 1621 949 1699 Landgravii
992 1622 1153 1695 inito,
1204 1628 1585 1698 agnoverunt.
1671 1620 1852 1697 Cujus
1881 1620 2306 1680 conclusionem
2335 1621 2432 1681 hic
2453 1622 2738 1700 subjicere

324 1718 443 1759 non
470 1702 649 1778 piget.
734 1704 771 1735 ‘⁴
792 1702 887 1759 Ex
912 1701 1007 1761 his
1032 1702 1117 1760 ita
1150 1701 1305 1760 ultro
1353 1700 1610 1777 citroque
1655 1700 1818 1771 actis,
1861 1700 2110 1777 cognitis
2137 1708 2197 1759 et
2221 1701 2536 1778 perpensis,
2567 1712 2740 1780 atque

327 1779 689 1857 declaratis‚''
720 1780 1005 1857 inquiunt,
1033 1782 1068 1813 “
1086 1800 1219 1838 cum
1246 1787 1489 1855 constet,
1519 1780 1674 1837 circa
1699 1798 1770 1837 ea
1788 1799 1916 1856 quae
1939 1778 2372 1839 fundamentum
2403 1780 2538 1841 fidei
2565 1791 2624 1842 et
2651 1802 2741 1843 sa-

325 1856 465 1919 lutis
494 1860 869 1936 constituunt,
898 1860 1135 1938 plenum
1170 1878 1296 1919 esse
1333 1878 1696 1933 consensum,
1747 1859 2095 1935 quaestiones
2122 1867 2315 1919 autem
2344 1869 2744 1923 controversas

327 1937 763 1999 fundamentum
792 1940 949 1999 istud
976 1939 1210 1997 minime
1258 1938 1560 2015 attingere,
1610 1938 1914 2015 minusque
1940 1938 2123 1997 multo
2149 1939 2352 1998 tollere
2381 1948 2440 1999 et
2467 1950 2742 2017 evertere,

330 2019 603 2078 convenit
628 2020 917 2095 utrinque,
946 2038 1019 2077 ne
1048 2018 1229 2077 altera
1254 2038 1389 2095 pars
1435 2019 1694 2093 alteram,
1743 2026 1977 2095 propter
2013 2018 2334 2076 dissensum
2364 2019 2426 2076 in
2453 2020 2746 2096 praedictis

330 2099 749 2174 quaestionibus
790 2098 1039 2157 residuis
1080 2097 1361 2171 traducat,
1409 2097 1680 2156 convitiis
1727 2096 2073 2173 proscindat,
2121 2106 2222 2156 aut
2269 2097 2518 2174 damnet,
2551 2100 2654 2159 sed
2681 2118 2744 2161 se

330 2188 533 2237 mutuo
562 2178 787 2237 sincera
806 2186 867 2237 et
912 2176 1161 2237 fraterna
1206 2177 1545 2237 charitatate
1594 2176 2064 2253 complectantur,
2093 2176 2322 2253 utrique
2349 2178 2498 2253 parti
2527 2178 2745 2239 addicti

332 2258 510 2315 etiam
536 2256 613 2315 ad
638 2257 749 2315 hoc
777 2256 1166 2333 disponantur,
1196 2275 1313 2335 quo
1335 2276 1397 2315 se
1424 2256 1675 2315 invicem
1701 2276 1806 2333 pro
1835 2256 2092 2333 ejusdem
2116 2275 2268 2314 verae
2298 2256 2512 2317 Christi
2541 2258 2742 2318 Eccle-

333 2337 437 2395 siae
467 2336 767 2395 catholicas
806 2336 1095 2411 membris,
1138 2355 1407 2413 veraeque
1447 2334 1722 2395 salvificae
1763 2336 1824 2393 in
1847 2334 2140 2395 Christum
2177 2336 2316 2397 fidei
2359 2339 2741 2417 consortibus,

334 2424 509 2493 atque
551 2416 689 2474 vitus
709 2424 937 2475 asternae
964 2414 1379 2491 coheredibus,
1408 2416 1787 2493 agnoscant.''

416 2496 705 2555 XXXV.
749 2495 1025 2571 Quamvis
1072 2515 1213 2554 vero
1256 2496 1700 2571 syncretismum
1729 2515 1858 2554 cum
1901 2494 2175 2556 fratribus
2217 2496 2566 2557 Lutheranis
2609 2498 2745 2559 iniri

334 2594 503 2711 posse
546 2595 901 2651 censeamus,
948 2594 1065 2633 non
1114 2575 1375 2652 sequitur
1402 2574 1650 2634 eundem
1691 2592 1860 2653 posse
1917 2576 2049 2635 iniri
2077 2595 2206 2635 cum
2239 2576 2576 2652 Pontificiis,
2607 2579 2747 2655 quia

362 2674 576 2733 ongum
601 2656 899 2732 latumque
942 2654 1250 2713 discrimen
1275 2654 1581 2714 intercedit
1607 2656 1758 2715 inter
1795 2662 2090 2733 utrosque.
2179 2656 2288 2714 Isti
2330 2655 2658 2734 impingunt
2685 2659 2746 2717 in

340 2732 777 2795 fundamentum
824 2734 1240 2812 multipliciter,
1279 2733 1405 2813 ‘sed
1454 2734 1541 2792 illi
1582 2736 1884 2793 nobiscum
1925 2734 1986 2793 in
2029 2754 2098 2793 eo
2139 2735 2508 2794 conveniunt.
2593 2738 2744 2795 Con-

340 2815 597 2875 sentiunt
638 2814 703 2873 in
766 2814 1243 2873 Protestantismo
1288 2812 1515 2873 formali
1558 2823 1760 2872 contra
1799 2813 2182 2890 tyrannidem,
2242 2813 2644 2889 idololatriam,
2687 2824 2750 2875 et

340 2894 591 2953 haereses
636 2894 987 2973 multiplices
1044 2892 1324 2953 Ecclesiae
1382 2894 1681 2952 Romanae.
1764 2892 2082 2951 Nobiscum
2130 2900 2471 2951 aversantur
2523 2893 2744 2952 cultum

344 2972 678 3049 imaginum,
719 2984 777 3033 et
820 2973 1247 3033 invocationem
1270 2981 1617 3047 sanctorum,
1639 2972 2052 3049 purgatorium,
2098 2968 2518 3031 satisfactiones
2539 2972 2741 3032 huma-

344 3071 469 3125 nas,
500 3054 702 3111 merita
730 3073 987 3131 operum,
1027 3052 1718 3125 transubstantiationem,
1761 3050 2100 3109 sacrificium
2139 3050 2512 3127 missaticum,
2543 3050 2744 3111 adora-

344 3131 563 3190 tionem
588 3133 809 3209 hostiae,
832 3133 1141 3210 primatum
1162 3132 1355 3209 Papae,
1386 3140 1445 3192 et
1470 3130 1940 3191 infallibilitatem
1972 3129 2269 3189 Ecclesiae.
2329 3130 2548 3190 Eadem
2576 3132 2746 3193 nobis

344 3220 435 3270 est
460 3212 664 3289 regula
688 3212 826 3271 fidei
852 3222 913 3273 et
938 3231 1179 3287 morum,
1226 3212 1351 3271 sola
1392 3211 1676 3289 scriptura
1715 3211 2007 3269 canonica.
2093 3208 2258 3269 Idem
2285 3210 2491 3270 unicus
2521 3212 2744 3271 Media·

345 3300 439 3349 tor
484 3292 639 3369 apud
683 3292 892 3367 Deum,
924 3292 1189 3351 Christus
1226 3294 1553 3372 &uulgus-05.
1639 3290 1860 3348 Eadem
1897 3288 2238 3366 justificatio
2287 3310 2390 3369 per
2442 3290 2614 3351 fidem
2663 3314 2741 3353 ex

344 3371 537 3430 meriti
562 3380 622 3432 et
649 3371 1058 3431 satisfactionis
1081 3370 1297 3430 Christi
1324 3372 1577 3448 gratuita
1604 3369 1999 3448 imputatione,
2029 3376 2090 3428 et
2115 3370 2232 3427 alia
2269 3370 2586 3448 innumera,
2616 3374 2744 3449 qui-

344 3448 455 3509 bus
483 3471 519 3509 a
548 3451 869 3510 Pontificiis
898 3450 1262 3526 dissidemus,
1306 3462 1367 3509 et
1414 3470 1544 3527 quse
1589 3450 1784 3509 locum
1834 3448 2145 3508 secessioni
2187 3459 2399 3509 nostroe
2444 3451 2744 3513 dederunt.

344 3530 516 3604 Quod
544 3531 594 3589 si
621 3530 737 3589 alia
762 3530 1025 3607 quiedam
1053 3530 1331 3589 doctrinae
1372 3530 1563 3607 capita
1585 3530 1853 3603 retinent,
1900 3548 2030 3605 quae
2057 3548 2164 3587 nos
2203 3530 2436 3589 veritati
2463 3550 2578 3588 non
2607 3533 2750 3592 satis

342 3618 731 3669 consentanea
777 3610 1079 3685 credimuS,
1142 3617 1201 3669 et
1247 3629 1431 3687 pauca
1479 3619 1613 3668 sunt
1657 3629 1775 3686 prae
1821 3608 1938 3667 illis
1991 3608 2052 3665 in
2099 3608 2311 3685 quibus
2357 3609 2748 3670 consentimus

344 3698 565 3765 mutuo,
590 3689 641 3749 si
682 3689 1001 3765 symbolica
1030 3689 1260 3766 scripta,
1305 3697 1365 3749 et
1406 3688 1797 3749 confessiones
1835 3687 2115 3767 publicas,
2145 3706 2221 3745 ex
2263 3687 2474 3763 quibus
2515 3688 2588 3746 de
2629 3690 2744 3748 Ec-

342 3769 539 3828 clesiae
582 3768 700 3828 fide
742 3770 911 3829 nobis
956 3777 1048 3829 est
1085 3769 1483 3845 judicandum,
1514 3768 1891 3846 respicimus:
1953 3766 2112 3846 (nam
2138 3792 2312 3847 κυςιις
2337 3762 2482 3838 3οξιις
2523 3776 2582 3827 et
2629 3768 2746 3827 sin·

346 3849 578 3926 gulares
605 3849 905 3909 doctorum
932 3848 1289 3927 privatorum
1316 3849 1617 3927 opiniones
1657 3847 2036 3909 attendendas
2062 3864 2180 3905 non
2207 3845 2520 3927 credimus)
2543 3857 2604 3907 et
2628 3868 2746 3907 non

348 3930 479 4006 ejus
531 3929 826 4005 momenti,
896 3948 1027 4007 quae
1096 3929 1509 3988 conscientiam
1562 3928 1788 4007 possint
1839 3926 2090 4002 inficere,
2145 3934 2206 3986 et
2260 3925 2504 3985 salutem
2558 3926 2744 4003 ipsam

346 4016 625 4067 evertere.
708 4008 879 4084 Quod
906 4009 958 4069 si
976 4028 1069 4067 res
1097 4008 1377 4067 Ecclesiae
1404 4008 1686 4068 Romanas
1720 4008 1784 4067 in
1825 4027 1894 4067 eo
1936 4014 2129 4067 essent
2170 4014 2340 4079 statu,
2373 4005 2422 4063 si
2449 4005 2603 4065 bona
2626 4007 2742 4065 fide

348 4086 439 4145 illi
465 4087 781 4164 crederent,
812 4088 968 4165 quod
996 4087 1314 4148 Lutherani
1341 4089 1599 4166 credunt,
1631 4096 1691 4147 et
1731 4088 2036 4165 rejicerent
2061 4086 2218 4163 quod
2263 4084 2550 4160 rejiciunt,
2581 4086 2747 4145 facile

346 4167 655 4227 tolerantia
683 4168 1009 4227 Christiana
1034 4168 1154 4227 illis
1196 4187 1233 4226 a
1278 4168 1447 4229 nobis
1475 4189 1591 4229 non
1620 4188 1788 4227 secus
1828 4187 1897 4226 ac
1923 4168 2052 4227 istis
2089 4166 2404 4225 offerretur.
2471 4164 2588 4223 Sed
2616 4184 2748 4224 cum

346 4266 519 4305 nemo
546 4266 664 4305 non
690 4247 889 4308 videat
916 4248 1368 4307 diversissimam
1396 4268 1523 4307 esse
1562 4258 1936 4323 utrorumque
1963 4247 2074 4304 hac
2093 4245 2154 4303 in
2181 4252 2343 4321 parte
2371 4244 2747 4322 sententiam3

346 4346 520 4385 nemo
548 4326 725 4386 etiam
766 4327 1086 4403 mirabitur,
1118 4327 1185 4401 si,
1235 4326 1375 4387 dum
1418 4328 1547 4388 istis
1590 4327 1798 4387 offerre
1826 4326 2078 4385 solemus
2119 4322 2581 4400 syncretismum,
2626 4324 2746 4383 illis

340 4416 537 4467 tamen
558 4406 929 4485 denegamus.

432 4485 755 4545 XXXVI.
839 4487 1061 4545 Verum
1089 4484 1366 4563 quicquid
1394 4484 1485 4561 sit,
1516 4484 1760 4560 inquies,
1792 4491 1985 4542 errant
2001 4481 2316 4542 Lutherani
2339 4486 2596 4561 graviter
2621 4504 2756 4545 cnm

350 4565 691 4641 Pontificiis,
722 4566 819 4625 vel
847 4566 907 4624 in
949 4566 1061 4625 hoc
1088 4584 1205 4624 uno
1232 4564 1475 4623 articulo
1503 4564 1577 4621 de
1595 4564 1906 4639 prasentia
1946 4564 2097 4621 reali
2131 4564 2388 4641 corporis
2431 4564 2646 4625 Christi
2688 4566 2751 4623 in

346 4664 533 4703 coena.
606 4644 667 4703 Si
706 4664 845 4723 ergo
887 4645 961 4704 ab
1006 4643 1133 4703 istis
1174 4650 1475 4721 propterea
1522 4642 1904 4701 secedendum
1947 4662 2074 4703 esse
2113 4643 2282 4703 nobis
2323 4652 2608 4721 putamus,
2652 4664 2756 4703 cur
