3234 5192
553 327 586 382 6
1339 340 1416 379 m:
1447 339 1807 380 secisssasm
1838 339 2184 379 sscsssrous
2616 315 2877 398 [maror.
2910 338 2952 378 1.

552 481 710 554 bant,
743 481 1218 540 resurrectionem
1251 481 1374 558 jam
1408 480 1618 539 factam
1648 479 1946 555 dicentes3
1990 479 2126 538 inde
2154 497 2293 537 vero
2334 478 2554 555 justam
2594 483 2655 536 et
2698 485 2961 536 sanctam

555 580 824 619 verorum
847 560 1302 620 Christianorum
1346 561 1663 620 ἀποστατῶν
1708 559 1903 636 sigillo
1942 559 2056 617 Dei
2096 576 2429 635 expressam
2460 556 2665 632 innuit,
2710 576 2959 632 quorum

551 648 640 700 est
667 645 936 703 ἇπστὶῖηιι
964 645 1066 698 ἀοι-ὃ
1101 663 1185 707 ης
1211 635 1422 716 Βαίας,
1453 641 1763 716 quicunque
1788 659 1988 698 nonien·
2017 638 2231 698 Christi
2262 639 2528 713 nominat,
2558 639 2841 711 ἅπαντές-α,
2864 656 2957 695 re-

553 722 718 779 cedat
741 721 816 778 ab
843 721 1150 796 iniquitate.
1236 721 1350 779 Illa
1377 729 1466 780 est
1493 741 1528 778 a
1549 721 1793 779 veritate
1810 725 1869 777 et
1888 717 2005 776 fide
2032 717 2109 776 ad
2134 715 2516 791 mendacium,
2540 716 2653 774 ista
2673 717 2746 775 ab
2768 735 2961 775 errore

551 807 611 858 et
639 799 930 877 impietate
965 799 1042 858 ad
1070 799 1370 858 veritatem
1399 807 1458 858 et
1494 798 1875 857 sanctitatem.
1937 797 2070 856 Hoc
2110 795 2342 854 demum
2382 815 2559 854 sensu
2584 795 2959 873 Apostasiam

549 887 609 938 et
629 877 1054 939 abscessionem
1078 878 1418 938 Sanctorum
1439 878 1514 936 ab
1541 877 1845 954 iniquitate
1870 876 2255 954 agnoscimus,
2274 883 2335 934 et
2360 894 2469 934 nos
2496 873 2813 953 Apostatas
2832 893 2965 934 esse

549 957 798 1016 libenter
823 957 1085 1032 fatemur,
1116 966 1176 1016 et
1201 957 1273 1014 de
1301 976 1372 1016 eo
1399 955 1730 1033 gloriamur.

635 1035 817 1094 VIII.
849 1034 1022 1094 Unde
1045 1035 1339 1112 colligitur
1355 1055 1522 1094 omne
1540 1035 1775 1112 quidem
1793 1035 2047 1094 Schisma
2075 1033 2493 1112 separationem
2527 1051 2671 1107 esse,
2716 1031 2821 1092 sed
2840 1051 2961 1091 non

551 1115 748 1173 statim
775 1133 1004 1174 omnem
1033 1115 1450 1191 separationem
1477 1134 1603 1174 esse
1637 1115 1919 1174 Schisma.
2000 1114 2151 1172 Nam
2187 1113 2325 1172 lieet
2350 1133 2429 1173 ex
2455 1113 2516 1172 vi
2544 1113 2709 1172 vocis
2732 1113 2957 1188 σχίσμα,

554 1193 778 1253 Graecis
803 1201 864 1253 et
893 1192 1116 1253 Latinis
1133 1195 1395 1270 scissura,
1424 1194 1743 1272 quamlibet
1770 1193 2151 1254 secessionem
2178 1192 2445 1252 videatur
2470 1193 2795 1269 importare,
2825 1212 2961 1250 cum

551 1281 746 1349 partes
771 1272 922 1332 inter
949 1292 1012 1332 se
1031 1273 1384 1334 cohaerentes
1406 1273 1466 1332 vi
1491 1274 1744 1350 quadam
1763 1273 1862 1332 vel
1889 1272 2183 1331 dissiliunt
2208 1272 2306 1331 vel
2334 1270 2705 1347 divelluntur,
2730 1272 2852 1330 sive
2883 1270 2957 1330 de

551 1371 787 1430 corpore
815 1353 1080 1428 naturali,
1111 1354 1236 1412 sive
1263 1353 1334 1412 de
1357 1353 1602 1432 mystico
1631 1362 1691 1412 et
1715 1351 1951 1430 politico
1972 1359 2193 1430 agatur,
2216 1371 2333 1429 quo
2358 1369 2533 1410 sensu
2552 1349 2704 1409 dixit
2722 1351 2919 1424 Poeta,

991 1511 1278 1570 Scinditur
1304 1511 1572 1571 incertum
1591 1512 1781 1570 studia
1808 1511 1867 1569 in
1892 1510 2186 1570 contr-arth
2224 1511 2451 1586 Vulqus,

555 1678 748 1728 tamen
773 1677 842 1729 ut
867 1669 928 1726 in
955 1669 1179 1728 caeteris
1207 1668 1352 1728 bene
1379 1669 1578 1728 multis
1615 1669 1917 1728 vocabulis
1950 1667 2214 1742 occurrit,
2245 1687 2374 1744 quae
2406 1668 2539 1745 jure
2566 1665 2817 1744 quodam
2848 1667 2960 1726 Ec-

553 1747 744 1807 clesiae
771 1747 925 1808 facta
951 1755 1088 1808 sunt
1117 1747 1542 1823 Ecclesiastica,
1573 1748 1635 1807 in
1662 1768 1773 1807 usu
1804 1748 2158 1825 Scriptorum
2181 1747 2719 1806 Ecclesiasticorum
2746 1747 2957 1806 stricti·

554 1827 641 1885 ori
667 1827 842 1905 paulo
871 1826 1217 1904 significatu,
1247 1847 1364 1886 non
1391 1835 1616 1887 tantum
1636 1847 1741 1906 pro
1764 1827 2085 1887 secessione
2112 1827 2173 1884 in
2197 1826 2521 1904 Religionis
2566 1825 2818 1903 negotio,
2856 1826 2961 1885 sed

554 1906 616 1964 in
644 1907 856 1965 malam
883 1914 1106 1983 partem
1133 1926 1238 1983 pro
1277 1907 1590 1982 secessione,
1631 1907 1729 1966 vel
1756 1907 1963 1982 injusta
2002 1906 2101 1964 vel
2142 1907 2447 1966 temeraria
2484 1913 2811 1982 usurpatur,
2840 1925 2959 1983 quo

555 2003 728 2044 sensu
759 1985 992 2060 Paulus,
1029 1989 1058 2043 1
1091 1987 1222 2045 Cor.
1252 1985 1292 2044 i.
1325 1989 1417 2045 11.
1463 1987 1791 2046 Corinthios
1808 1985 2018 2063 arguit,
2052 1984 2213 2062 quod
2243 1985 2395 2044 inter
2420 1984 2579 2062 ipsos
2605 1984 2804 2043 audiat
2830 2004 2958 2044 esse

557 2063 908 2124 schismata}
964 2065 1136 2142 plane
1175 2073 1242 2124 ut
1269 2085 1389 2124 vox
1421 2066 1649 2142 idolum,
1695 2085 1825 2143 quse
1868 2065 2187 2143 quamlibet
2222 2064 2534 2141 imaginem
2574 2065 2637 2121 in
2662 2065 2960 2124 notatione

555 2143 806 2203 nominis
834 2143 1117 2222 designat,
1147 2145 1512 2223 peculiariter
1537 2145 1598 2203 in
1630 2144 1893 2205 Ecclesia
1918 2144 2183 2204 restricta
2218 2151 2307 2202 est
2334 2143 2411 2202 ad
2436 2143 2748 2220 imaginem
2776 2143 2956 2220 signi-

554 2221 858 2298 ficandam,
889 2223 985 2282 cui
1012 2222 1266 2284 defertur
1279 2225 1464 2284 honos
1491 2225 1817 2301 religiosus.
1901 2224 1981 2283 Et
2006 2231 2072 2283 ut
2098 2223 2321 2282 haeresak
2348 2223 2619 2300 primario
2637 2223 2959 2298 quamlibet

555 2301 886 2379 opinionem
915 2302 1119 2378 innuit,
1149 2322 1321 2380 quam
1350 2304 1482 2380 quis
1508 2303 1675 2381 eligit
1702 2311 1769 2362 ut
1793 2303 2171 2379 verissimam,
2192 2323 2330 2361 mox
2352 2302 2676 2379 specialiter
2703 2301 2955 2379 applica·

551 2389 648 2440 tur
675 2381 954 2458 singulari
983 2380 1255 2458 opinioni,
1286 2402 1460 2459 quam
1487 2403 1591 2461 pro
1619 2382 1793 2460 genio
1810 2391 1869 2442 et
1896 2383 2131 2441 arbitrio
2160 2382 2369 2459 aliquis
2389 2381 2754 2458 amplectitur
2781 2389 2841 2440 et
2866 2401 2955 2440 ne-

551 2459 715 2535 tinet,
746 2479 878 2519 cum
904 2460 1212 2520 abhorreat
1237 2470 1432 2520 tamen
1457 2481 1494 2520 a
1519 2481 1720 2521 norma
1746 2460 2026 2521 veritatis.
2093 2461 2189 2520 Sic
2216 2469 2277 2520 et
2300 2461 2555 2536 achabum,
2584 2459 2743 2537 quod
2770 2479 2956 2519 seces·

558 2538 779 2598 sionem
806 2539 870 2597 in
895 2559 1106 2616 genere
1135 2539 1292 2615 dicit,
1323 2541 1636 2600 secessioni
1664 2541 1888 2600 vitiosae
1908 2549 1969 2600 et
1992 2540 2212 2600 illicitae
2234 2541 2413 2617 vulgo
2442 2540 2591 2600 solet
2616 2538 2810 2598 tribui.
2840 2540 2958 2599 Ve-

556 2637 686 2677 rum
713 2626 818 2694 est,
851 2617 1104 2678 strictius
1125 2619 1314 2678 adhuc
1335 2620 1598 2698 usurpari
1613 2619 1925 2698 aliquando
1946 2619 2415 2680 contradistincte
2444 2619 2519 2678 ad
2545 2619 2797 2694 haeresin,
2817 2639 2957 2697 qua-

557 2707 726 2756 tenus
753 2697 876 2756 haec
905 2705 996 2756 est
1033 2700 1438 2777 contra-fidem,
1478 2699 1626 2764 illud
1654 2719 1794 2759 vero
1826 2709 2025 2758 contra
2056 2719 2239 2758 mores
2266 2699 2511 2776 proprie,
2555 2707 2615 2758 et
2660 2698 2955 2757 vinculum

557 2777 871 2853 charitatis,
891 2785 958 2836 ut
973 2776 1228 2853 loquitur
1254 2779 1662 2838 Bonaveuura
1688 2778 1750 2836 in
1766 2778 1845 2836 iv.
1865 2786 2011 2837 sent.
2034 2778 2169 2836 dist.
2192 2781 2221 2836 l
2233 2782 2283 2852 l,
2308 2798 2423 2855 quo
2442 2797 2611 2837 sensu
2632 2775 2955 2853 Bizana-la,

557 2876 688 2934 quse
715 2857 1012 2916 schismati
1033 2856 1381 2935 aequipollet,
1404 2857 1610 2917 haeresi
1632 2857 2223 2934 contradistinguitur,
2248 2857 2381 2916 Gal.
2404 2877 2463 2916 v.
2486 2859 2583 2915 20.
2629 2858 2761 2917 Hoc
2782 2877 2957 2918 sensu

555 2957 708 3014 saepe
736 2936 808 2996 de
837 2957 906 2995 eo
937 2936 1156 3012 Patres,
1181 2945 1240 2996 et
1261 2936 1631 3015 Augustinus
1650 2937 1712 2996 in
1732 2937 1949 3015 primis,
1972 2937 2239 3014 quamvis
2260 2956 2334 2994 ex
2352 2935 2658 2996 schismate
2686 2936 2805 2996 fere
2826 2957 2960 3015 pos-

556 3025 651 3074 tea
674 3017 800 3074 fieri
825 3017 1072 3074 haeresin
1089 3017 1294 3076 doceat
1311 3025 1510 3077 contra
1530 3017 1884 3092 Donatistae,
1908 3035 2087 3075 unum
2115 3025 2307 3075 tamen
2334 3016 2409 3074 ab
2426 3015 2605 3074 altero
2634 3014 2957 3093 distinguit,

555 3095 628 3152 de
656 3092 770 3151 fide
798 3101 857 3152 et
883 3095 1164 3170 symbolo.
1252 3098 1288 3130 ‘⁶
1307 3095 1803 3171 Quemadmodum
1831 3095 2103 3171 haeretici,
2124 3094 2197 3154 de
2228 3096 2355 3152 Deo
2372 3094 2517 3153 falsa
2544 3094 2861 3170 sentiendo,
2890 3095 2959 3152 fi-

556 3173 688 3230 dem
715 3171 901 3246 ipsam
929 3172 1165 3249 violant,
1191 3174 1273 3232 ita
1301 3175 1653 3234 schismatici
1670 3175 2090 3234 secessionibus
2118 3173 2386 3251 iniquisa
2406 3173 2656 3232 fraterna
2682 3173 2959 3234 charitate

555 3249 1134 3325 dissiliuntquamvis
1172 3270 1241 3309 ea
1268 3252 1510 3310 credunt
1550 3272 1681 3328 quse
1708 3252 2053 3312 credimus.’'
2142 3255 2257 3312 Sed
2297 3253 2505 3311 laxiori
2538 3272 2714 3312 sensu
2740 3254 2960 3312 ambitu

557 3347 662 3386 suo
691 3328 1124 3405 comprehendit
1149 3330 1565 3406 separationem
1595 3351 1998 3408 quamcunque
2036 3332 2501 3391 Ecclesiasticam
2542 3351 2645 3408 per
2664 3331 2956 3410 doctrinm,

556 3415 658 3466 aut
677 3406 832 3482 vitae,
863 3416 964 3465 aut
991 3407 1288 3486 utriusque
1316 3410 1686 3485 corruptelas,
1718 3410 2006 3486 quomodo
2024 3411 2121 3469 hic
2148 3431 2183 3469 a
2208 3411 2379 3470 nobis
2404 3419 2729 3486 usurpatur.

559 3513 778 3559 Schisma
807 3525 902 3557 non
922 3513 1041 3558 facit
1171 3488 1291 3547 IX.
1335 3487 1488 3562 Quid
1515 3497 1709 3548 autem
1756 3490 2141 3548 secessionem
2186 3491 2456 3548 vitiosam
2494 3499 2551 3549 et
2578 3490 2839 3549 illicitam
2876 3490 2961 3549 fa-

615 3585 666 3642 u?
729 3571 858 3614 ratio
873 3571 1040 3616 aPon-
1091 3567 1222 3642 ciat,
1251 3587 1426 3644 quam
1457 3568 1721 3627 Schisma
1760 3587 2052 3644 vocamus,
2087 3589 2275 3646 operae
2311 3570 2557 3646 pretium
2586 3577 2675 3628 est
2718 3589 2959 3646 cognos-

617 3632 658 3674 ¹²¹
694 3643 749 3675 ⁶⁶
769 3627 1002 3674 Romano.
1099 3664 1249 3704 cere.
1337 3647 1490 3706 Sane
1534 3647 1584 3705 si
1620 3648 1984 3706 adversarios
2018 3648 2389 3724 consulimus,
2429 3657 2495 3706 ut
2536 3649 2815 3707 Unitatem
2842 3651 2957 3708 Ec-

558 3727 736 3786 clesioe
755 3745 832 3786 ex
857 3725 1073 3784 Um'one
1093 3725 1476 3784 membrorum
1495 3727 1594 3784 suh
1614 3747 1726 3786 uno
1750 3727 1951 3802 Capite
1964 3725 2167 3785 mhibili
2178 3735 2233 3786 et
2250 3737 2498 3802 externe,
2526 3726 2789 3806 Pontg'fice
2806 3728 2959 3786 scili-

558 3816 652 3866 cet
690 3807 970 3880 Romano,
1022 3803 1188 3881 eique
1237 3804 1432 3864 debita
1453 3805 1810 3882 subjectione
1857 3805 2188 3880 metiuntur,
2226 3814 2293 3864 ut
2336 3806 2607 3865 Bellarm.
2649 3807 2751 3864 lib.
2775 3807 2856 3864 iii.
2886 3806 2957 3865 de

561 3886 825 3946 Ecclesia
871 3904 998 3962 cap.
1044 3903 1099 3942 ν.
1129 3883 1437 3960 observat;
1488 3884 1569 3943 ita
1589 3886 1841 3944 Schisma
1896 3903 1971 3943 ex
2010 3886 2335 3944 discessione
2370 3887 2441 3944 ab
2470 3889 2586 3961 ejus
2626 3886 2881 3962 obsequio
2906 3896 2961 3944 et

542 3965 936 4040 jurisdictione
985 3963 1180 4022 statim
1228 3963 1529 4039 colligunt.
1592 3964 1847 4022 Thomas
1888 3964 1947 4021 ii.
1984 3967 2039 4038 2,
2070 3983 2127 4041 q.
2148 3967 2243 4038 39,
2294 3973 2401 4022 art.
2435 3967 2487 4022 1.
2536 3966 2573 3997 “
2594 3964 2961 4024 Schismatici

557 4044 842 4119 dicuntur,
867 4042 968 4121 qui
997 4042 1234 4102 subesse
1255 4049 1504 4101 renuunt
1553 4061 1777 4102 summo
1822 4042 2107 4117 Pontifici,
2138 4051 2197 4102 et
2240 4042 2339 4119 qui
2378 4043 2651 4102 membris
2681 4043 2957 4102 Ecclesiae

557 4123 612 4180 ei
641 4122 919 4200 subjectis
939 4121 1360 4180 communicare
1377 4122 1703 4181 recusant.''
1734 4121 2019 4180 Emanuel
2050 4121 2145 4196 Sa,
2180 4124 2216 4153 ‘⁴
2242 4121 2506 4180 Schisma
2532 4131 2622 4182 est
2646 4123 2804 4181 nolle
2824 4123 2959 4182 obe-

539 4200 682 4261 dire
703 4201 894 4278 Papae,
918 4210 983 4260 ut
1011 4200 1226 4259 Christi
1245 4199 1497 4273 vicarie,
1538 4201 1781 4278 aliisque
1802 4210 1869 4260 ut
1886 4202 2015 4278 ejus
2036 4200 2283 4259 subditis
2304 4201 2784 4260 communicare.''
2832 4201 2959 4275 Quo

557 4278 808 4355 pertinet
833 4280 1070 4356 impium
1099 4279 1392 4338 decretum
1420 4281 1711 4354 Bomjt'acii
1732 4279 1853 4338 viii.
1882 4279 1944 4336 in
1982 4279 2418 4356 Extravagante
2452 4278 2525 4338 de
2554 4280 2876 4357 majoritate
2902 4290 2961 4340 et

558 4355 902 4430 obedientia,
929 4359 1065 4434 Cap.
1095 4359 1132 4417 i.
1159 4362 1195 4392 ‘⁴
1216 4358 1409 4418 Unam
1437 4358 1753 4434 sanctam,’'
1776 4355 1885 4416 Sec.
1914 4357 2015 4416 ubi
2042 4359 2152 4418 sub
2177 4359 2351 4417 finem
2380 4359 2690 4434 concludit,
2724 4361 2760 4392 “
2784 4360 2961 4418 Porro

561 4435 797 4494 subesse
829 4435 1090 4493 Romano
1121 4435 1404 4511 Pontifici,
1429 4438 1584 4495 omni
1611 4439 1879 4496 humanae
1924 4437 2230 4514 Creaturte,
2281 4437 2657 4513 declaramus,
2698 4437 2958 4512 dicimus,

560 4513 866 4572 definimus
893 4521 952 4572 et
979 4515 1432 4588 pronunciamus,
1467 4537 1594 4576 esse
1615 4517 1849 4574 omnino
1876 4515 1950 4575 de
1968 4518 2308 4577 necessitate
2337 4517 2598 4578 salutis.''
2686 4517 2804 4577 Sed
2830 4536 2958 4576 cum

563 4591 796 4666 Paulus,
829 4592 928 4669 qui
957 4592 1200 4650 sollicite
1229 4613 1426 4652 omnes
1455 4596 1691 4655 unitatis
1717 4595 1991 4654 Ecclesiae
2020 4595 2269 4656 rationes
2290 4597 2668 4673 persequitur,
2704 4597 2850 4673 Eph.
2881 4597 2957 4654 iv.
