3234 5192
797 1060 1430 1142 DISPUTATIO
1499 1064 2179 1160 THEOLOGIGA‚

352 1351 486 1442 DE
595 1351 1452 1448 SATISFACTIONIS
1570 1353 2003 1450 CHRISTI
2112 1353 2653 1470 VERITATE,

1184 1664 1404 1733 PARS
1476 1663 1821 1746 QUINTA.

783 2062 1178 2142 Respondente
1213 2066 1503 2126 Sanun-nr:
1531 2067 1889 2143 VIOLnan,
1926 2067 2247 2128 Genevemi.

392 2225 440 2282 1.
487 2224 632 2282 Cum
671 2223 735 2280 in
763 2231 886 2282 tota
933 2223 1333 2283 humiliatione
1381 2232 1441 2284 et
1467 2224 1733 2302 passione
1764 2223 1978 2284 Christi
2011 2225 2335 2286 Servatoris
2362 2233 2423 2284 et
2450 2236 2717 2304 peccato-

308 2322 435 2362 rum
464 2303 738 2381 gravitas,
771 2311 830 2362 et
851 2303 950 2362 irae
979 2302 1194 2362 divinae
1221 2303 1466 2381 pondus,
1498 2312 1558 2363 et
1584 2303 1993 2364 misericordiae
2021 2305 2377 2364 immensitas
2398 2305 2723 2367 luculenter

309 2403 372 2442 se
400 2383 664 2461 prodant,
693 2383 902 2441 nullibi
929 2391 1122 2442 tamen
1150 2384 1362 2443 clarius
1392 2386 1639 2461 elucent,
1665 2405 1838 2463 quam
1858 2385 1917 2443 in
1940 2385 2181 2444 summis
2208 2385 2325 2444 illis
2354 2387 2563 2444 animae
2592 2407 2719 2448 cru

311 2463 556 2523 ciatibus
584 2482 730 2540 quos
757 2483 862 2541 pro
883 2464 1051 2522 nobis
1073 2465 1354 2524 sustinere
1376 2485 1493 2525 non
1512 2466 1819 2542 recusavit,
1853 2466 2003 2541 Quia
2030 2485 2170 2525 vero
2198 2465 2259 2524 in
2288 2466 2505 2542 duplici
2534 2468 2721 2546 gradu

311 2543 558 2622 spectari
587 2544 766 2621 vulgo
790 2544 1014 2621 solent;
1047 2545 1139 2604 vel
1170 2553 1238 2604 ut
1258 2546 1536 2606 inchoati
1521 2567 1580 2604 ιιι
1609 2547 1779 2606 horto
1808 2567 1911 2624 per
1938 2547 2225 2624 agoniam,
2249 2547 2346 2606 vel
2374 2555 2439 2605 ut
2468 2549 2727 2624 completi

313 2623 373 2682 in
403 2643 570 2684 cruce
597 2643 702 2702 per
722 2626 1124 2701 desertionem3
1157 2633 1216 2684 et
1233 2625 1306 2685 de
1343 2627 1522 2704 priori
1551 2627 1737 2704 gradu
1766 2626 2082 2686 novissime
2111 2646 2145 2683 a
2174 2627 2341 2684 nobis
2370 2633 2559 2684 actum
2592 2637 2719 2688 est·

313 2704 515 2764 Ordo
489 2725 613 2782 Jam
641 2705 897 2782 postulat
923 2713 990 2764 ut
1015 2705 1091 2763 ad
1120 2705 1436 2764 secundum
1464 2716 1839 2780 transeamus,
1886 2717 2059 2784 atque
2087 2705 2233 2763 adeo
2262 2705 2721 2766 demonstremus

312 2785 700 2860 tristissimam
728 2785 878 2843 hanc
899 2784 1324 2844 derelictionem
1351 2787 1733 2845 certissimum
1756 2753 1933 2844 fuisse
1960 2785 2354 2859 satisfactionis
2382 2803 2553 2860 quam
2576 2807 2723 2864 prse-

314 2855 464 2924 stare
495 2863 694 2922 debuit
722 2883 796 2920 ex
823 2883 1058 2922 munere
1089 2864 1200 2922 sibi
1229 2865 1573 2924 demandato
1602 2873 2023 2940 argumentum.

396 2943 482 3001 ΙΙ.
526 2943 722 3019 Hujus
771 2951 962 3000 autem
1009 2944 1332 3002 desertionis
1379 2943 1771 3003 testimonium
1800 2943 2021 3020 proebet
2047 2941 2477 3002 luctuosissima
2506 2944 2721 3004 Christi

311 3023 374 3080 in
417 3041 584 3081 cruce
614 3021 864 3098 querela
891 3022 1078 3098 cujus,
1135 3023 1340 3098 prim0,
1392 3021 1650 3081 notanda
1694 3022 1969 3098 temporis
2025 3022 2457 3081 circumstantia
2486 3044 2615 3102 quoe
2644 3026 2719 3084 ab

315 3100 688 3177 evangelistis
717 3101 1056 3160 observatur
1076 3120 1252 3178 quum
1283 3101 1494 3160 dicitur
1521 3101 1801 3160 clamasse
1829 3101 1981 3160 circa
2008 3102 2205 3160 horam
2248 3121 2473 3179 nonam,
2508 3105 2717 3164 Matth.

315 3181 500 3240 xxvii.
524 3183 620 3254 45,
647 3187 705 3238 et
723 3181 901 3238 Marc.
923 3200 1024 3239 xv.
1049 3183 1144 3254 33,
1165 3180 1244 3238 id.
1267 3181 1496 3240 tertiam
1515 3189 1771 3239 nostram
1796 3181 2263 3258 pomeridianam,
2282 3190 2416 3258 post
2434 3184 2721 3244 solemnes

316 3263 439 3321 scil.
469 3261 600 3319 illas
627 3260 895 3320 tenebras
923 3281 1052 3338 quse
1081 3281 1116 3318 a
1143 3260 1380 3320 meridie
1410 3269 1739 3371 coeperant:
1770 3261 1919 3320 Nam
1952 3263 1987 3294 “
2008 3261 2082 3342 ab
2110 3261 2252 3320 hora
2272 3271 2439 3321 sexta
2466 3265 2719 3324 tenebrae

311 3342 478 3402 factae
507 3349 642 3402 sunt
669 3361 842 3419 super
866 3341 1196 3400 universam
1222 3340 1494 3417 terram,''
1516 3361 1637 3400 ver.
1661 3344 1757 3416 45,
1783 3342 1907 3400 sive
1928 3362 2029 3420 per
2048 3331 2377 3400 universam
2400 3345 2648 3404 terram
2630 3366 2719 3404 m-

313 3423 546 3501 telligas
567 3431 790 3481 tantum
813 3429 1022 3480 terram
1044 3421 1087 3481 J
1090 3421 1330 3495 udaeam,
1346 3421 1504 3516 quod
1523 3421 1701 3480 variis
1720 3422 1926 3497 visum,
1952 3421 2241 3498 quomodo
2262 3422 2627 3483 Romanum
2610 3445 2715 3484 im-

315 3504 538 3582 perium
565 3510 806 3561 vocatur
836 3507 981 3560 τῖσαι
1010 3528 1107 3560 uxo
1085 3502 1268 3572 συκίνη,
1294 3503 1435 3561 Luc.
1467 3502 1525 3560 ii.
1561 3506 1612 3576 1,
1647 3502 1787 3577 sive,
1831 3501 1988 3579 quod
2016 3502 2147 3561 aliis
2174 3503 2379 3580 placet,
2410 3512 2596 3564 totum
2625 3525 2715 3565 or-

315 3583 466 3657 bem,
491 3591 557 3641 ut
578 3583 932 3641 oecumenica
952 3582 1204 3660 Eclipsis
1231 3582 1418 3657 fuerit,
1443 3583 1601 3660 quod
1628 3581 1862 3642 videtur
1888 3583 2159 3660 amplecti
2176 3583 2416 3657 Tertull,
2448 3585 2507 3642 in
2540 3583 2713 3660 Apol.

315 3685 364 3722 c.
395 3666 491 3735 21,
524 3663 662 3722 solis
689 3662 800 3720 hoc
829 3662 1144 3739 deliquium
1167 3683 1382 3722 vocans
1399 3665 1599 3720 mundi
1611 3683 1803 3722 casum
1820 3683 1991 3740 quem
2015 3663 2301 3724 Romani‘
2284 3683 2341 3720 ιιι
2363 3664 2481 3720 suis
2506 3662 2715 3722 Archi-

315 3744 408 3801 vis
428 3742 706 3818 habeant;
739 3743 817 3800 Et
835 3743 950 3802 huc
971 3741 1108 3802 facit
1129 3743 1322 3820 quod
1306 3743 1446 3820 ipsis
1467 3743 1733 3801 Ethnicis
1750 3762 1866 3801 non
1884 3742 2115 3802 videtur
2135 3742 2305 3820 plane
2322 3743 2520 3819 ignota
2536 3741 2715 3802 fuisse

315 3822 418 3900 qui
445 3821 574 3900 ejus
599 3823 1000 3898 meminerunt,
1030 3832 1095 3882 ut
1143 3823 1406 3900 Phlegon
1433 3822 1761 3881 Trallianus
1799 3822 2049 3881 Adriani
2090 3822 2331 3880 libertus
2351 3822 2713 3899 chronogra-

317 3903 468 3980 phus
495 3902 975 3977 accuratissimus,
1009 3911 1156 3962 teste
1200 3904 1442 3962 Eusebio
1469 3903 1530 3960 in
1560 3902 1859 3961 Chronicis
1887 3903 1963 3961 ad
1991 3922 2201 3960 annum
2234 3902 2553 3960 Dominicoe
2582 3921 2712 3978 pas·

319 3981 514 4056 sionis,
544 3983 646 4059 qui
675 4003 801 4041 eam
845 3982 1020 4042 refert
1063 3983 1138 4042 ad
1167 4003 1380 4042 annum
1429 3991 1697 4060 quartum
1725 3985 1842 4042 262
1862 3981 2265 4060 Olympiadis,
2295 3982 2397 4056 qui
2425 3980 2629 4040 incidit
2654 3984 2717 4042 in

317 4082 529 4121 annum
564 4065 636 4120 18
680 4062 898 4121 Tiberii
924 4083 1039 4139 quo
1091 4063 1354 4122 Christus
1409 4071 1499 4122 est
1551 4083 1774 4139 passus,
1820 4063 1903 4122 sic
1934 4063 2250 4139 Dionysius
2276 4060 2442 4118 testis
2490 4062 2616 4138 ejus
2644 4066 2719 4120 αὖ

320 4146 518 4209 «ὄπι-ης
545 4141 756 4202 dicitur
799 4142 974 4202 fuisse
1024 4143 1084 4200 in
1113 4143 1400 4220 AEgypt0‚
1431 4151 1490 4201 et
1517 4162 1641 4200 eam
1672 4142 1916 4200 intuitus
1944 4143 2005 4199 in
2030 4143 2153 4198 haec
2182 4140 2361 4198 verba
2388 4142 2644 4218 erupisse
2675 4145 2719 4198 εἰ

323 4223 352 4289 ἡ
380 4221 530 4298 φύσις
553 4226 596 4278 εἰ
618 4226 675 4279 τὸ
701 4223 836 4279 θεῖον
857 4245 906 4278 τι
935 4225 1128 4330 σιάχιι,
1154 4231 1218 4280 ιιι
1238 4222 1450 4281 habet
1435 4243 1493 4279 ιιι
1517 4223 1719 4300 episto·
1744 4221 1821 4280 ad
1852 4221 2251 4297 Polycarpum,
2280 4222 2315 4251 ‘⁴
2338 4221 2463 4278 Aut
2492 4229 2717 4297 natura,

320 4313 420 4362 aut
434 4304 595 4362 Deus
606 4303 828 4379 aliquid
853 4303 1128 4380 patiturss'
1161 4301 1450 4379 Quicquid
1472 4301 1564 4374 sit,
1589 4309 1809 4360 certum
1838 4309 1926 4360 est
1946 4321 2062 4359 non
2083 4299 2402 4358 naturalem
2426 4300 2529 4360 sed
2549 4301 2721 4379 plane

321 4383 836 4443 extraordinariam
864 4393 922 4442 et
950 4383 1352 4441 miraculosam
1381 4381 1557 4440 fuisse
1586 4381 1737 4440 hanc
1759 4380 2038 4457 Eclipsim
2060 4387 2258 4457 utpote
2279 4400 2408 4457 quoe
2430 4400 2545 4439 non
2574 4391 2721 4440 tem-

321 4483 458 4542 pore
486 4463 771 4522 novilunii
793 4463 949 4540 quod
978 4464 1122 4522 alias
1148 4462 1271 4520 fieri
1295 4462 1459 4538 solet,
1485 4461 1588 4520 sed
1629 4461 1691 4518 in
1718 4460 2039 4555 plenilunio
2062 4461 2383 4538 contigerit,
2420 4461 2725 4540 Deumque

317 4551 649 4622 portentum
675 4543 787 4602 hoc
812 4563 927 4601 non
957 4563 1124 4604 secus
1167 4563 1234 4601 ac
1263 4550 1470 4600 caetera
1497 4561 1614 4599 non
1643 4541 1766 4600 sine
1795 4541 2155 4619 gravissimis
2183 4541 2372 4600 causis
2397 4541 2725 4635 immisisse,

318 4625 441 4684 sive
469 4632 536 4684 ut
563 4624 908 4702 gravitatem
938 4632 996 4684 et
1021 4625 1316 4684 horrorem
1346 4622 1578 4682 sceleris
1615 4622 1659 4682 J
1663 4622 1955 4682 udaeorum
1986 4620 2313 4682 ostenderet
2353 4622 2520 4699 quasi
2568 4622 2733 4683 nefas
