3234 5192
272 346 516 390 mspuw.
550 329 671 412 1x.]
1232 345 1311 384 ns
1340 344 1529 384 Peras
1560 345 1834 384 emus'm.
2583 333 2698 390 363

270 489 608 561 ecclesiae,”
640 489 828 566 Apoc.
858 488 897 546 i.
984 487 1020 519 ‘⁴
1044 485 1212 562 Ager
1239 495 1325 545 cst
1350 485 1619 560 mundus,
1653 505 1848 544 semen
1891 495 1972 545 est
1996 488 2300 560 verbum,’'
2333 487 2546 547 Matth.
2575 489 2700 547 xiii.

272 573 307 604 “
333 570 581 646 Septem
612 589 805 628 vaccae
833 576 963 626 sunt
989 575 1210 644 septem
1238 568 1433 642 anni,’'
1466 567 1616 625 Gen.
1647 566 1750 624 xli.
1797 569 1834 600 “
1857 567 2007 627 Ossa
2047 577 2178 624 sunt
2203 567 2408 627 domus
2457 568 2701 643 Israel,”

272 651 499 709 Ezech.
530 649 762 707 xxxvii.
808 655 866 706 et
892 647 1107 724 passim
1130 647 1193 705 in
1238 646 1529 724 parabolis
1573 654 1634 704 et
1682 647 2172 706 similitudinibus.
2260 647 2376 706 Sed
2411 651 2702 726 praecipue

269 731 509 807 quoties
541 729 613 788 de
644 727 1014 788 sacramentis
1044 727 1251 804 agitur,
1281 747 1413 804 quae
1440 727 1501 784 in
1536 725 1956 802 significatione
1987 728 2326 802 consistunt,
2377 749 2494 786 non
2539 729 2706 787 aliter

270 809 443 887 loqui
488 818 646 868 amat
698 809 947 886 Spiritus
1000 808 1263 880 Sanctus,
1316 826 1423 864 nec
1470 806 1679 864 melius
1708 813 1766 864 et
1811 807 2248 866 convenientius
2302 807 2464 885 loqui
2489 818 2703 886 posset,

274 909 459 966 quam
488 891 729 966 tropice.
818 889 913 947 Sic
946 889 983 920 “
1004 886 1363 945 circumcisio
1385 886 1597 945 dicitur
1610 885 1860 960 foedus,''
1891 887 2042 946 Gen.
2065 888 2208 945 xvii.
2246 890 2335 962 10,
2367 889 2428 946 id
2455 897 2560 964 est,
2588 890 2703 966 sig·

274 989 425 1027 num
456 969 708 1045 foederis,
742 969 871 1026 Deo
898 967 1025 1044 ipso
1055 967 1384 1044 interprete,
1416 985 1536 1025 ver.
1572 969 1664 1040 11,
1695 975 1754 1024 et
1799 967 1966 1024 Rom.
2011 967 2090 1025 iv.
2127 971 2216 1042 11,
2251 969 2522 1044 “Agnus
2549 977 2706 1027 tran·

280 1049 498 1124 situS,''
530 1050 720 1108 Exod.
750 1048 853 1106 xii.
910 1050 1000 1122 11,
1032 1046 1093 1104 id
1122 1055 1227 1122 est,
1276 1047 1403 1123 ejus
1446 1046 1795 1120 memoriale,
1842 1047 2032 1105 Exod.
2083 1047 2208 1106 xiii.
2239 1049 2293 1123 9,
2329 1050 2364 1081 “
2387 1049 2706 1125 baptismus

284 1129 593 1188 lavacrum
622 1127 1134 1206 regenerationi8‚”
1160 1127 1275 1185 Tit.
1324 1127 1403 1184 iii.
1492 1129 1527 1160 ‘⁴
1548 1125 1715 1184 Calix
1745 1126 1819 1184 N.
1848 1126 2336 1202 Testmnentum,”
2383 1128 2526 1186 Luc.
2558 1129 2704 1187 xxii.

280 1217 343 1268 et
402 1210 533 1267 sim.
592 1230 721 1286 quae
776 1208 875 1266 vel
928 1208 1153 1267 nullum
1210 1225 1443 1265 sensum
1497 1205 1735 1280 habent,
1794 1207 1889 1265 vel
1943 1207 2256 1282 figuratum
2311 1215 2369 1266 et
2423 1207 2703 1286 tropicum

322 1289 605 1347 ostulant.

278 1309 321 1365 P
371 1367 593 1426 XVII.
640 1369 837 1444 Atque
864 1367 999 1425 hinc
1025 1367 1241 1426 invicte
1264 1367 1604 1440 ostenditur,
1629 1366 1758 1444 quis
1777 1365 1984 1425 debeat
2011 1386 2138 1425 esse
2169 1385 2370 1426 sensus
2397 1367 2706 1428 verborum

174 1442 179 1446 ’
284 1447 795 1506 sacramentalium
842 1447 1367 1522 vexatissimorum,
1398 1445 1529 1505 Hoc
1571 1455 1652 1505 est
1693 1467 1897 1523 corpus
1941 1467 2138 1506 meum.
2224 1447 2308 1506 Ut
2351 1448 2504 1504 enim
2545 1456 2710 1524 petra

282 1527 507 1585 dicitur
534 1527 796 1586 Christus
823 1545 927 1604 per
968 1526 1448 1604 significationem
1472 1549 1485 1602 ;
1534 1526 1628 1585 Ita
1675 1534 1735 1584 et
1776 1527 1990 1604 pariter
2018 1529 2211 1602 Pamls,
2243 1527 2342 1603 qui
2370 1546 2473 1604 per
2499 1547 2706 1604 prono-

280 1627 423 1665 men
454 1608 557 1665 hoc
583 1606 956 1684 designatum
1000 1627 1109 1666 nec
1130 1627 1303 1666 ovum
1328 1626 1441 1665 ovo
1464 1607 1710 1665 similius
1739 1615 1842 1680 est,
1874 1627 2044 1684 quam
2075 1606 2205 1664 duae
2233 1607 2359 1665 istae
2387 1607 2708 1666 locutiones

282 1687 442 1746 inter
468 1707 531 1746 se
558 1688 929 1746 conveniunt.
1017 1688 1151 1746 Scio
1198 1687 1293 1745 hic
1343 1685 1673 1745 Cornelium
1717 1706 1751 1744 a
1795 1687 2015 1764 Lapide
2064 1707 2196 1745 cum
2245 1687 2616 1762 Bellarmino,
2649 1697 2708 1748 et

281 1768 569 1842 Tirinum,
602 1767 703 1844 qui
747 1787 846 1827 eos
877 1767 1151 1845 sequitur,
1184 1766 1493 1825 discrimen
1522 1766 1760 1844 aliquod
1784 1765 2004 1842 afferre,
2035 1767 2192 1844 quod
2240 1771 2276 1800 ‘⁴
2298 1787 2502 1826 revera
2541 1777 2705 1844 petra

282 1867 407 1904 non
436 1849 618 1924 possit
647 1848 761 1906 dici
790 1847 863 1906 de
894 1849 1123 1905 Christo
1164 1847 1279 1905 nisi
1318 1846 1512 1922 typice
1554 1855 1613 1904 et
1655 1847 2058 1924 significative,
2089 1847 2226 1924 quia
2253 1848 2370 1905 sint
2396 1847 2705 1924 disparata,

282 1947 419 2003 quae
448 1948 565 1986 non
585 1928 811 2004 possint
831 1927 1057 2004 proprie
1080 1926 1152 1984 de
1176 1945 1237 1984 se
1258 1925 1561 2004 praedicari
1583 1948 1599 2002 3
1647 1925 1750 1985 sed
1770 1927 1830 1984 in
1855 1928 1968 1986 ista
1993 1927 2384 2004 propositione
2405 1947 2522 1985 non
2551 1927 2708 1986 dicat

279 2007 565 2082 ChristuS,
601 2007 776 2065 Panis
806 2016 894 2065 est
922 2027 1131 2083 corpus
1158 2026 1350 2064 meum
1374 2028 1389 2081 ς
1443 2005 1563 2080 sed,
1601 2007 1733 2065 Hoc
1781 2016 1871 2065 est
1897 2027 2106 2084 corpus
2135 2027 2343 2082 meum,
2374 2008 2706 2084 usurpando

283 2106 605 2163 pronomen
654 2087 1171 2145 demonstrativum
1222 2085 1372 2160 Hoc,
1424 2085 1581 2162 quod
1629 2105 1746 2144 non
1797 2087 1874 2144 sit
1919 2086 2062 2162 quid
2089 2106 2418 2163 repugnans
2445 2097 2548 2145 aut
2591 2087 2705 2145 dis·

285 2175 553 2242 paratum
584 2186 618 2223 a
646 2185 882 2242 corpore
913 2165 1143 2238 Christi,
1177 2184 1306 2223 cum
1357 2165 1626 2241 designet
1671 2165 2114 2225 indeterminate
2159 2166 2218 2224 id
2247 2166 2402 2243 quod
2430 2167 2574 2225 latet
2601 2167 2710 2226 sub

288 2245 594 2322 speciebus
621 2247 804 2322 panis,
837 2244 993 2321 quod
1034 2254 1225 2322 potest
1252 2265 1377 2303 esse
1406 2245 1606 2304 divina
1627 2246 1860 2322 virtute,
1893 2255 2010 2306 tam
2040 2266 2248 2324 corpus
2277 2247 2509 2322 Christi,
2534 2266 2710 2323 quam

288 2325 615 2384 substantia
640 2325 843 2402 panis;
892 2326 1064 2384 Unde
1104 2334 1312 2402 potest,
1344 2325 1459 2383 imo
1501 2325 1675 2385 debet
1721 2346 1930 2404 corpus
1977 2327 2192 2386 Christi
2234 2327 2462 2406 proprie
2507 2327 2709 2405 accipi,

284 2405 540 2482 quand0,
572 2405 885 2464 affirmante
916 2405 1163 2480 Christe,
1196 2405 1267 2464 de
1295 2405 1405 2464 hoc
1434 2406 1838 2483 praedicamr.’'
1928 2407 2044 2466 Sed
2071 2427 2246 2485 quam
2273 2408 2420 2467 bene
2451 2415 2714 2467 statuunt

290 2485 645 2562 disparatum
674 2485 745 2546 de
774 2485 1067 2564 disparato
1109 2507 1227 2545 non
1270 2506 1441 2564 posse
1485 2487 1804 2564 praedicari,
1837 2487 1982 2544 Tam
2021 2496 2178 2546 certo
2207 2487 2549 2548 sententiam
2578 2507 2710 2546 nos·

290 2573 439 2623 tram
470 2567 847 2642 confirmant3
894 2568 1039 2626 Cum
1083 2569 1195 2625 hoc
1224 2567 1297 2625 de
1337 2568 1451 2625 alia
1478 2587 1539 2626 re
1570 2567 1818 2643 intelligi
1845 2587 1962 2626 non
1990 2568 2190 2644 possit,
2222 2587 2394 2643 quam
2423 2568 2496 2626 de
2523 2587 2670 2643 pane
2695 2588 2710 2642 ς

298 2649 349 2719 1,
383 2646 519 2721 quia
547 2665 663 2704 non
692 2647 852 2706 aliud
880 2667 982 2724 per
1029 2649 1131 2705 hoc
1175 2646 1425 2723 intelligi
1474 2653 1682 2723 potest,
1715 2665 1886 2722 quam
1915 2646 1978 2703 id
2005 2647 2163 2723 quod
2193 2648 2456 2704 Christus
2485 2655 2714 2722 ceperat

290 2725 351 2782 in
379 2745 585 2784 manus
627 2745 777 2802 suas,
810 2727 903 2785 cui
948 2726 1342 2800 benedixerat,
1375 2725 1533 2801 quod
1580 2725 1846 2800 fregerat,
1879 2733 1938 2783 et
1982 2726 2140 2800 quod
2183 2726 2499 2784 tradiderat
2541 2726 2713 2782 disci-

288 2806 443 2882 pulis
474 2807 594 2864 suis
619 2828 633 2880 ;
680 2805 765 2863 At
792 2805 853 2862 id
880 2806 1049 2882 panis
1078 2813 1217 2878 erat,
1250 2814 1309 2863 et
1354 2823 1473 2862 non
1520 2804 1680 2860 aliud
1706 2803 1866 2879 quid.
1954 2803 2126 2861 Unde
2157 2804 2390 2878 Paulus,
2427 2806 2457 2861 1
2491 2805 2620 2862 Cor.
2650 2824 2708 2862 x.

296 2887 388 2958 16,
451 2887 487 2917 “
512 2885 689 2942 Panis
741 2903 911 2958 quem
962 2883 1342 2958 frangimus,’'
1394 2891 1451 2940 et
1496 2901 1544 2940 c.
1590 2882 1672 2938 xi.
1703 2883 1800 2954 28,
1831 2881 1960 2940 vult
2006 2901 2292 2957 quemque
2340 2901 2402 2938 se
2449 2882 2711 2958 probare,

292 2964 519 3039 quoties
532 2983 744 3038 panem
774 2963 944 3020 istum
968 2961 1105 3035 edit,
1138 2959 1246 3018 Sec.
1278 2965 1333 3018 2.
1366 2960 1517 3018 idem
1536 2961 1812 3035 probatur
1839 2979 1912 3016 ex
1943 2961 2212 3036 analogia
2238 2960 2480 3018 aliorum
2514 2961 2713 3018 Sacra·

294 3050 635 3112 mentorum,
670 3041 769 3098 ubi
798 3041 1171 3098 commutatio
1198 3040 1266 3097 fit
1288 3059 1439 3116 saepe
1484 3039 1782 3096 nominum
1806 3060 1820 3112 ;
1866 3046 1931 3096 ut
1958 3058 2167 3097 nomen
2196 3039 2410 3115 signati
2439 3039 2624 3115 sign0,
2656 3049 2716 3100 et

290 3121 421 3179 vice
451 3140 621 3178 versa
648 3139 857 3178 nomen
887 3119 1039 3194 signi
1070 3119 1299 3194 signato
1328 3118 1630 3192 tribuatur,
1661 3126 1728 3176 ut
1746 3119 1870 3196 jam
1901 3118 2109 3178 visum.
2139 3122 2198 3178 3.
2233 3119 2430 3178 Status
2459 3119 2718 3198 Aposto-

289 3201 480 3259 lorum
509 3219 625 3258 non
643 3199 821 3257 alium
845 3217 1079 3256 sensum
1102 3197 1375 3275 postulat,
1398 3197 1680 3256 videbant
1701 3197 1996 3258 Christum
2015 3218 2230 3258 mensae
2259 3200 2712 3275 accumbentem,

292 3289 353 3340 et
380 3301 585 3358 panem
616 3299 734 3357 prae
756 3280 1024 3337 manibus
1051 3279 1379 3353 habentem,
1414 3286 1685 3354 tanquam
1738 3277 1855 3337 duo
1901 3279 2166 3357 subjecta
2207 3279 2440 3338 realiter
2466 3279 2714 3355 diversa,

291 3381 537 3437 quorum
565 3379 743 3420 unum
764 3358 1007 3436 proinde
1023 3377 1140 3415 non
1158 3365 1384 3435 poterat
1404 3357 1633 3435 proprie
1655 3377 1782 3416 esse
1803 3359 2050 3418 alterum
2069 3381 2084 3434 3
2129 3359 2471 3419 audiverant
2499 3361 2717 3420 similes

291 3442 486 3517 plures
513 3441 840 3499 locutiones
886 3436 1136 3513 tropicas
1186 3458 1221 3494 a
1267 3437 1496 3496 Christo
1545 3448 1867 3515 usurpatas,
1901 3439 2036 3516 qu
2062 3460 2185 3498 sum
2205 3441 2346 3516 υἰίὶε,
2364 3444 2572 3517 janua,
2605 3439 2715 3500 Suc.

293 3539 439 3594 quas
468 3521 529 3577 in
558 3518 849 3596 parabolis
898 3517 1143 3576 subinde
1192 3517 1499 3594 repetierat
1524 3539 1539 3592 3
1583 3517 1627 3576 J
1629 3519 1842 3596 amjam
1875 3521 2310 3580 celebraverant
2341 3522 2582 3597 Pascha,
2611 3522 2716 3580 ubi

292 3599 600 3675 multiplex
628 3598 845 3657 locutio
874 3597 1121 3673 figurata
1162 3597 1501 3657 occurrebat
1526 3597 1587 3656 in
1616 3598 1814 3675 Agno,
1845 3607 1905 3657 et
1931 3601 1990 3657 in
2019 3601 2278 3677 azymis;
2325 3601 2480 3674 Quid
2505 3602 2714 3677 procli·

291 3678 595 3815 viusllergo
622 3677 749 3753 fuit,
782 3697 955 3755 quam
984 3677 1044 3734 in
1094 3677 1269 3736 simili
1315 3678 1488 3755 plane
1535 3679 1772 3754 negotio
1815 3680 2070 3756 phrasim
2113 3681 2285 3739 istam
2313 3681 2516 3738 eodem
2543 3681 2715 3738 modo

294 3757 415 3816 inte
466 3758 481 3814 i
528 3777 621 3816 ere
642 3761 673 3816 Ρ

376 3777 627 3896 XVgIII.
672 3841 729 3896 4.
774 3837 905 3896 Non
934 3847 1129 3916 potest
1170 3839 1421 3916 intelligi
1461 3859 1565 3917 per
1604 3829 1752 3914 Hoc,
1784 3859 1992 3916 corpus
2022 3840 2253 3914 Christi,
2285 3839 2434 3896 Nam
2483 3847 2715 3916 praeter-

292 3937 465 3994 quam
496 3917 651 3995 quod
682 3918 765 3976 sic
794 3917 1029 3978 debebit
1072 3919 1297 3995 concipi
1342 3939 1551 3996 corpus
1602 3919 1818 3978 Christi
1862 3920 2040 3978 latere
2083 3919 2192 3977 sub
2223 3919 2523 3994 speciebus
2550 3920 2717 3994 panis

291 4005 425 4056 ante
468 3998 843 4074 prolationem
890 4000 1217 4072 verborum,
1262 3999 1475 4076 quibus
1524 3998 1757 4057 demum
1801 3999 1868 4058 fit
1911 3997 2468 4072 transubstantiatiO,
2517 4006 2718 4056 contra

292 4097 491 4136 eorum
519 4079 907 4155 hypothesim,
942 4097 1146 4138 sensus
1174 4079 1583 4156 propositionis
1631 4079 1740 4136 erit
1783 4078 2084 4153 absurdus,
2116 4076 2474 4136 resolvendae
2503 4077 2626 4136 scil.
2657 4079 2718 4136 in

290 4157 479 4234 istam,
516 4159 723 4233 “hoc,''
755 4157 815 4215 id
844 4167 934 4218 est
964 4161 999 4193 “
1022 4178 1231 4236 corpus
1250 4178 1457 4232 meum,
1482 4168 1572 4216 est
1598 4177 1808 4234 corpus
1835 4159 2086 4216 meum.”
2131 4155 2358 4215 Deinde
2386 4157 2566 4214 verba
2591 4157 2720 4233 ipsa

290 4247 461 4298 erunt
490 4239 853 4317 speculativa
880 4247 940 4298 et
968 4238 1443 4309 demonstrativa,
1476 4257 1593 4296 non
1642 4238 1900 4314 practica
1951 4246 2012 4295 et
2059 4237 2372 4313 operativa,
2405 4243 2470 4294 ut
2497 4237 2720 4296 volunt.

290 4321 346 4376 5.
393 4319 447 4376 N
450 4339 525 4376 on
553 4326 749 4396 potest
777 4319 1218 4376 indeterminate
1248 4317 1575 4392 significare
1602 4315 1667 4374 id
1693 4316 1850 4392 quod
1895 4317 2039 4375 latet
2065 4315 2174 4374 sub
2205 4315 2506 4392 speciebus
2532 4317 2716 4394 panis,

288 4417 421 4455 nam
452 4407 517 4456 ut
546 4399 605 4455 in
635 4396 1041 4456 enunciatione
1064 4415 1205 4453 vera
1232 4396 1571 4454 attributum
1602 4397 1912 4454 conveniat
1956 4395 2236 4472 subjecto,
2267 4396 2456 4474 ipsum
2489 4397 2716 4476 subjec-

290 4485 413 4535 tum
444 4478 619 4537 debet
646 4477 1025 4536 determinate
1072 4474 1337 4552 exprimi,
1368 4475 1467 4532 vel
1506 4475 1820 4551 designari.
1907 4475 2134 4534 Deinde
2163 4495 2296 4534 cum
2326 4476 2472 4534 nihil
2499 4475 2594 4536 hic
2623 4497 2717 4536 oc-

292 4566 484 4615 currat
512 4558 623 4615 nisi
653 4558 749 4616 vel
778 4557 963 4633 panis,
998 4555 1093 4614 vel
1123 4573 1332 4631 corpus
1364 4554 1599 4628 Christi,
1631 4574 1764 4612 nam
1795 4555 2034 4632 species,
2066 4576 2194 4632 quse
2223 4565 2358 4615 sunt
2385 4577 2544 4615 mera
2569 4558 2717 4616 aeci-

294 4636 507 4710 dentia,
560 4657 673 4694 non
725 4655 895 4714 posse
947 4635 1297 4694 constituere
1349 4635 1678 4710 subjectum
1707 4636 2142 4711 enunciationis,
2173 4657 2360 4706 nemo,
2405 4646 2467 4695 ut
2497 4637 2714 4712 opinor,
