3234 5192
314 362 544 405 nrsrur.
576 338 783 422 xx111.]
866 360 945 399 nn
976 360 1457 403 sxnsrxcrroms
1486 362 1725 403 cnms'rr
1755 362 2183 405 Psarecnons.
2621 345 2735 403 69⁷

322 530 432 585 reon
460 503 617 581 quod
646 524 680 561 a
709 500 1033 561 Mediatore
1061 500 1187 560 dari
1216 501 1433 579 debuit,
1461 504 1564 563 sed
1580 504 1872 565 indicatur
1891 503 2144 565 hominis
2172 501 2442 578 officium,
2475 502 2598 562 sine
2627 522 2743 581 quo

330 586 447 644 tale
480 582 821 642 beneficium
852 580 962 639 sibi
990 581 1251 658 polliceri
1280 603 1397 641 non
1423 592 1633 661 potest.

410 664 565 723 ΧΠ.
587 667 644 721 4.
665 662 798 719 Non
820 660 1199 719 omittendum
1220 671 1310 721 est
1326 664 1447 722 vim
1465 666 1630 723 verbi
1659 688 1745 727 an:
1777 686 1892 743 quo
1911 664 2091 722 utitur
2118 662 2360 739 Sapiens
2379 682 2496 719 non
2519 681 2746 740 semper

330 744 405 803 ad
449 742 911 819 Redemptiomm
956 742 1184 818 proprie
1234 742 1453 803 dictam
1503 746 1810 822 pertinere,
1858 744 1960 804 sed
2003 744 2214 821 soepius
2243 742 2319 801 ad
2346 741 2747 801 Remissionem

331 833 391 885 et
419 821 899 883 condonationem
928 840 1101 897 quam
1133 822 1294 881 Deus
1336 825 1626 901 peccatori
1674 825 1978 903 poenitenti
2021 822 2306 899 indulget.
2379 822 2476 881 Sic
2506 842 2658 899 saepe
2687 830 2747 880 et

333 903 527 963 Graeci
555 912 613 961 et
642 901 887 959 Latinus
914 900 1181 977 reddunt,
1210 912 1277 962 ut
1304 903 1459 981 apud
1508 904 1628 965 Isa.
1677 908 1822 965 xxii.
1859 909 1950 980 14,
1981 904 2140 979 quod
2165 904 2228 961 in
2257 902 2510 961 Hebraeo
2538 912 2628 961 est
2678 924 2743 965 na

331 989 422 1045 neb
454 1006 553 1043 πτπ
596 1005 707 1056 mvn
758 1003 886 1054 aar,
942 981 1135 1041 Graeci
1218 982 1300 1043 ita
1365 983 1634 1055 reddunt,
1705 992 1743 1045 εἰ
1819 988 1908 1044 οὐκ
1975 982 2266 1055 dep-onim„
2348 989 2461 1058 ὑμῖν
2529 981 2656 1045 αὕτη
2721 983 2744 1043 ni

331 1068 581 1145 ὶμιςτίι,
610 1062 761 1121 Lati.
795 1062 901 1119 “si
928 1060 1251 1121 dimittetur
1278 1064 1552 1141 iniquitas
1581 1064 1707 1125 haec
1739 1066 1963 1125 vobis.'’
2017 1066 2113 1124 δίο
2142 1085 2192 1122 c.
2223 1064 2410 1121 xxvii.
2443 1068 2496 1137 9,
2521 1084 2590 1137 '⁸²’
2635 1083 2746 1123 een-0

334 1168 471 1221 :pr-³,
496 1146 688 1205 Graeci
706 1142 1099 1223 ἆφαιςοθιίπται,
1124 1141 1273 1202 Lati.
1287 1144 1609 1204 dimittetur.
1645 1146 1737 1205 Ita
1747 1146 1954 1223 planus
1975 1145 2084 1204 erit
2095 1163 2326 1203 sensus:
2347 1142 2749 1201 Misericordia

334 1234 395 1284 et
415 1226 659 1285 veritate
677 1223 901 1296 redimi,
922 1222 999 1281 id.
1024 1222 1239 1281 remitti
1260 1232 1318 1282 et
1338 1223 1519 1283 deleri
1546 1225 1930 1303 iniquitatem,
1961 1225 2098 1301 quia
2126 1224 2227 1300 qui
2253 1222 2660 1281 misericordiae
2689 1231 2748 1281 et

333 1305 568 1364 veritati
596 1303 810 1377 studet,
842 1302 923 1363 ita
974 1303 1100 1361 Deo
1128 1311 1330 1379 gratus
1358 1312 1449 1363 est
1490 1314 1557 1363 ut
1598 1326 1718 1365 non
1745 1306 1930 1383 possit
1957 1324 2073 1363 non
2102 1303 2323 1381 peccati
2351 1302 2747 1361 remissionem

336 1384 615 1445 obtinere.
656 1386 712 1443 5.
740 1383 823 1441 Ut
844 1382 1085 1441 verbum
1114 1403 1199 1443 ens
1224 1402 1341 1443 non
1362 1392 1587 1444 tantum
1610 1386 1683 1444 ad
1701 1387 2078 1445 remissionem
2097 1384 2318 1461 peccati
2347 1382 2450 1441 sed
2471 1382 2644 1441 etiam
2673 1382 2748 1440 ad

336 1466 669 1525 ablationem
688 1472 745 1523 et
762 1463 1139 1522 remotionem
1160 1464 1435 1523 moralem
1457 1464 1541 1523 rei
1562 1476 1755 1543 potest
1772 1465 1988 1541 referri,
2015 1475 2079 1524 ut
2100 1465 2213 1523 [εει.
2233 1462 2440 1521 xxviii.
2465 1464 2556 1537 18,
2580 1466 2615 1499 “
2633 1463 2747 1521 De-

334 1546 549 1605 lebitur
564 1543 755 1606 foedus
778 1552 1035 1601 vestrum
1057 1562 1188 1603 cum
1208 1545 1449 1618 morte,''
1466 1544 1544 1603 id.
1558 1546 1952 1623 abrogabitur,
1977 1546 2036 1603 H
2041 1544 2130 1604 eb.
2151 1543 2480 1618 anraeei
2501 1562 2604 1619 per
2623 1542 2747 1614 ἄφο-

342 1631 442 1685 λῶ
470 1624 757 1700 reddunt;
802 1623 1102 1683 commode
1148 1632 1343 1697 potest
1389 1624 1485 1684 hic
1535 1644 1740 1685 sensus
1769 1626 2062 1703 applicari,
2093 1632 2157 1685 ut
2185 1644 2303 1682 non
2331 1632 2451 1682 tam
2479 1622 2622 1699 quid
2647 1643 2751 1701 per

337 1705 793 1765 misericordiam
842 1712 900 1762 et
928 1704 1231 1763 veritatem
1262 1724 1365 1765 seu
1413 1706 1756 1765 exercitium
1804 1726 1999 1765 earum
2027 1706 2130 1764 fiat
2157 1726 2350 1763 coram
2381 1706 2526 1773 DeO,
2577 1723 2751 1781 quam

339 1786 483 1864 quid
510 1786 612 1845 fiat
640 1786 701 1843 in
728 1784 899 1859 nobis,
947 1783 1170 1843 scilicet
1191 1804 1389 1845 earum
1416 1786 1696 1846 virtutum
1727 1787 1922 1846 studio
1951 1786 2076 1845 fieri
2105 1794 2170 1845 ut
2198 1805 2270 1844 ex
2299 1784 2599 1843 hominum
2629 1785 2750 1842 ani-

338 1867 452 1927 mis
480 1876 539 1925 et
568 1866 691 1925 vita
716 1863 1009 1924 auferatur
1036 1873 1095 1923 et
1140 1864 1508 1943 abstergatur
1556 1868 1850 1945 iniquitas.
1895 1867 1972 1925 Et
2001 1868 2110 1925 hoc
2140 1866 2353 1943 optime
2381 1864 2755 1941 respondebit

342 1946 537 2005 verbis
566 1943 943 2021 sequentibus
972 1944 1183 2019 quibus
1201 1945 1449 2022 additur,
1486 1948 1614 2005 “In
1638 1948 1845 2008 timore
1871 1946 1983 2005 Dei
2005 1945 2283 2005 declinari
2311 1966 2346 2003 a
2373 1945 2586 2019 ma10,”
2617 1944 2756 2021 quia

340 2025 515 2083 timor
544 2024 657 2083 Dei
684 2033 774 2082 est
804 2023 1044 2081 fraenum
1072 2026 1535 2099 potentissimum
1566 2046 1682 2101 quo
1717 2047 1752 2085 a
1779 2038 2016 2103 peccato
2047 2025 2400 2083 cohibemur.
2489 2024 2584 2081 lta
2611 2025 2751 2081 dua·

342 2103 453 2163 bus
480 2104 609 2162 istis
638 2102 957 2173 sententiis,
988 2110 1055 2160 ut
1083 2121 1237 2177 saepe
1264 2104 1325 2161 in
1358 2105 1469 2162 hoc
1516 2104 1668 2162 libro
1697 2106 1821 2162 fieri
1851 2105 2013 2177 solet,
2045 2124 2164 2161 una
2191 2103 2508 2177 eademque
2537 2102 2754 2160 veritas

340 2182 746 2256 continebitur,
778 2200 907 2257 quae
936 2180 1183 2238 Timoris
1205 2179 1390 2238 divini
1416 2190 1475 2241 et
1497 2182 1794 2241 charitatis
1823 2181 2078 2241 studium
2107 2190 2166 2240 et
2186 2180 2434 2239 fructum
2464 2200 2752 2239 commen-

342 2263 538 2337 dabit3
584 2262 687 2320 sed
715 2259 859 2318 nihil
887 2278 991 2337 pro
1012 2259 1503 2320 satisfactionibus
1529 2262 1798 2321 humanis
1827 2261 1960 2319 inde
1991 2260 2256 2339 exsculpi
2283 2260 2512 2338 poterit.

424 2342 616 2401 XIII.
660 2340 833 2400 Alter
876 2340 977 2416 qui
1006 2359 1081 2398 ex
1129 2340 1371 2399 Daniele
1416 2342 1633 2418 petitur
1679 2343 1861 2418 locuS,
1893 2342 2031 2401 licet
2076 2342 2230 2401 hunc
2273 2340 2518 2401 subinde
2545 2360 2754 2417 urgere

342 2423 583 2498 soleant,
615 2422 809 2480 minus
855 2420 1044 2479 adhuc
1071 2420 1251 2479 habet
1276 2421 1517 2497 roboris,
1550 2433 1609 2482 et
1637 2442 1810 2501 quem
1839 2444 1915 2482 ex
1943 2423 2051 2483 hac
2081 2443 2185 2481 sua
2210 2420 2522 2499 hypothesi
2548 2440 2622 2479 ne
2651 2441 2754 2480 ex-

340 2522 555 2582 ponere
602 2501 837 2580 quidem
886 2500 1185 2561 commode
1234 2510 1495 2579 possunt,
1544 2503 1758 2563 nedum
1787 2513 1852 2563 ut
1879 2525 1957 2563 ex
1984 2525 2053 2564 eo
2083 2505 2297 2581 dogma
2325 2522 2489 2561 suum
2511 2502 2757 2578 probare

343 2584 595 2644 valeant.
684 2585 737 2642 1.
770 2583 1004 2643 Certum
1052 2590 1142 2641 est
1189 2602 1266 2641 ex
1313 2602 1512 2643 eorum
1541 2585 1828 2645 sententia
1856 2585 2278 2647 satisfactiones
2307 2583 2431 2641 fieri
2468 2590 2693 2641 tantum
2723 2602 2758 2641 a

326 2665 336 2675 “
345 2665 459 2742 piis
486 2672 547 2724 et
565 2663 639 2723 iis
667 2664 768 2741 qui
796 2670 931 2722 sunt
950 2662 1009 2719 in
1030 2661 1311 2737 Ecclesia,
1332 2664 1546 2739 quibus
1574 2664 1798 2724 scilicet
1825 2674 1884 2725 et
1900 2666 2070 2742 culpa
2097 2673 2157 2723 et
2183 2683 2356 2741 poena
2383 2670 2596 2721 aeterna
2630 2662 2756 2739 jam

342 2744 669 2804 condonata
696 2751 787 2803 est
817 2766 831 2818 ;
863 2743 949 2801 At
975 2742 1069 2801 hic
1094 2742 1226 2799 Rex
1255 2750 1321 2800 ut
1346 2753 1547 2802 notum
1578 2744 1864 2803 Ethnicus
1892 2744 2000 2803 fuit
2029 2744 2334 2802 idololatra
2363 2750 2422 2801 et
2447 2742 2521 2799 ab
2551 2742 2754 2801 Eccle-

344 2824 431 2883 sia
462 2824 574 2882 Dei
616 2823 839 2881 alienus
864 2844 879 2881 z
925 2820 1226 2895 Quomodo
1256 2821 1343 2877 illi
1370 2840 1507 2879 vere
1535 2822 1778 2881 suadere
1805 2824 1995 2899 potuit
2024 2832 2087 2881 ut
2117 2822 2473 2883 satisfaceret
2499 2840 2604 2897 pro
2631 2841 2755 2898 poe-

341 2902 434 2963 nis
463 2900 892 2977 temporalibus,
924 2900 1027 2976 qui
1052 2900 1240 2976 poenis
1268 2900 1497 2958 aeternis
1524 2902 1716 2959 adhuc
1743 2910 1866 2961 erat
1893 2902 2180 2961 obnoxius
2198 2905 2226 2959 Ρ
2308 2905 2364 2959 2.
2399 2899 2755 2959 Satisfactio-

344 3002 477 3041 nem
506 2980 713 3039 volunt
758 2979 1005 3056 positam
1055 2998 1181 3037 esse
1211 2979 1271 3036 in
1314 2980 1583 3056 operibus
1610 2981 1956 3057 quibusdam
1979 2980 2305 3058 poenalibus
2334 2987 2391 3037 et
2419 2978 2752 3057 laboriosis;

347 3062 433 3121 At
457 3061 555 3120 hic
583 3060 654 3118 de
682 3059 921 3117 Justitia
948 3058 1156 3135 agitur,
1183 3077 1315 3115 nam
1334 3059 1490 3135 quod
1512 3060 1704 3120 Groeci
1733 3069 1792 3120 et
1809 3062 1886 3119 V.
1916 3062 1992 3120 V.
2022 3060 2272 3120 reddunt
2301 3080 2404 3136 per
2431 3061 2753 3135 Eleemosy-

345 3141 569 3199 namin
620 3140 773 3197 Heb.
818 3147 908 3197 est
934 3160 1109 3213 rip-tx:
1156 3137 1299 3211 Quis
1342 3158 1483 3197 vero
1529 3140 1744 3199 dixerit
1777 3142 2068 3218 justitiam
2104 3142 2255 3201 inter
2302 3139 2524 3217 peccati
2553 3159 2756 3217 poenas

346 3221 571 3281 censeri
597 3239 767 3298 posse
782 3220 811 3277 Ρ
853 3222 907 3277 3.
941 3218 1168 3277 Volunt
1193 3238 1297 3295 per
1314 3218 1736 3279 satisfactiones
1755 3242 1956 3299 peenas
1977 3222 2206 3280 demum
2231 3220 2576 3298 temporales
2605 3220 2757 3279 redi—

347 3301 445 3375 mi,
475 3320 594 3359 non
621 3299 867 3377 culpam,
900 3298 995 3357 vel
1021 3318 1251 3375 poenam
1282 3307 1551 3357 aeternam
1576 3323 1591 3377 ;
1626 3300 1710 3360 At
1731 3303 1878 3361 nihil
1898 3302 2011 3361 tale
2035 3322 2110 3361 ex
2130 3302 2240 3361 hoc
2269 3301 2398 3359 loco
2427 3300 2625 3377 colligi
2653 3320 2757 3379 po-

348 3390 479 3459 test,
510 3382 573 3440 in
600 3400 715 3457 quo
744 3398 861 3437 non
879 3398 1064 3454 ρωποι
1084 3377 1385 3455 cujusdam
1408 3381 1759 3458 temporalis,
1781 3383 1883 3441 sed
1909 3390 2134 3443 tantum
2165 3382 2518 3459 iniquitatum
2545 3390 2605 3442 et
2625 3402 2756 3457 pec·

348 3472 601 3521 catorum
631 3460 698 3519 fit
725 3459 958 3517 mentio.
1005 3458 1100 3517 Ita
1128 3459 1195 3533 si,
1226 3458 1383 3535 quod
1407 3462 1772 3537 pertendunt,
1803 3473 2042 3541 peccata
2069 3462 2453 3539 eleemosynis
2482 3470 2752 3537 tanquam

348 3562 489 3602 vera
516 3539 907 3601 satisfactione
935 3538 1163 3617 proprie
1189 3538 1395 3597 redimi
1425 3541 1553 3601 vult
1584 3541 1890 3620 Propheta,
1911 3544 2172 3621 sequitur
2197 3552 2264 3601 ut
2290 3562 2408 3599 non
2435 3541 2607 3599 modo
2636 3561 2756 3617 poe·

349 3642 483 3681 nam
512 3620 903 3697 temporalem,
936 3619 1041 3678 sed
1068 3626 1128 3677 et
1156 3626 1446 3695 aeternam,
1476 3642 1595 3679 non
1624 3623 1796 3681 modo
1824 3644 2071 3700 poenam,
2103 3623 2205 3681 sed
2235 3631 2293 3681 et
2319 3623 2504 3699 ipsam
2527 3620 2756 3697 culpam

349 3702 573 3779 expiari
599 3701 946 3777 intelligant,
968 3698 1131 3759 nulla
1150 3699 1303 3758 enim
1324 3700 1672 3761 discriminis
1701 3723 1776 3761 ex
1807 3703 2112 3781 Prophetae
2134 3702 2328 3761 verbis
2351 3700 2540 3759 afferri
2566 3708 2760 3776 potest

348 3783 513 3857 ratio,
546 3801 677 3839 cum
706 3788 1071 3858 peccatorum
1099 3787 1324 3840 tantum
1352 3781 1714 3843 meminerit:
1757 3781 1844 3842 At
1881 3784 1994 3841 hoc
2035 3803 2151 3841 non
2181 3781 2434 3840 dixerint
2463 3780 2757 3838 Adversa·

350 3862 439 3920 rii.
526 3860 605 3919 Et
632 3861 742 3919 hoc
770 3860 1043 3937 Vasquez
1072 3879 1189 3919 non
1216 3860 1407 3936 potuit
1434 3860 1664 3920 diffiteri
1695 3861 1794 3940 qui
1812 3862 1966 3922 hunc
1995 3864 2186 3922 locum
2214 3868 2390 3937 negat
2416 3860 2530 3919 huc
2557 3859 2758 3918 referri

350 3941 579 4000 debere.
650 3940 895 3999 Frustra
922 3959 1061 3998 vero
1092 3938 1366 3998 Bellarm.
1394 3940 1495 4000 lib.
1527 3941 1607 4001 iv.
1659 3942 1732 4001 de
1765 3942 1947 4001 Poeni.
1979 3964 2101 4021 cap.
2135 3945 2190 4015 8,
2223 3949 2462 4001 conatur
2489 3938 2639 3997 elabi
2670 3939 2755 4007 di:

350 4021 551 4095 cend0,
584 4021 895 4080 Peccatum
926 4039 1078 4096 saepe
1108 4020 1257 4079 sumi
1284 4038 1387 4096 pro
1416 4040 1587 4097 poena
1627 4023 1882 4100 peccati;
1929 4024 2078 4081 Nam
2106 4021 2243 4081 licet
2268 4040 2382 4079 non
2414 4019 2760 4079 diffiteamur

350 4111 651 4177 peccatum
698 4117 1112 4175 nonnunquam
1161 4119 1390 4176 poenam
1435 4100 1620 4178 ipsam
1650 4110 1978 4177 connotare,
2009 4121 2302 4178 nunquam
2331 4109 2526 4159 tamen
2552 4099 2664 4158 hoc
2692 4100 2758 4158 fit

352 4180 477 4239 sine
505 4181 699 4257 aliquo
744 4180 819 4237 ad
867 4198 1081 4237 noxam
1119 4186 1401 4256 respectu,
1432 4180 1515 4239 ita
1556 4190 1625 4240 ut
1650 4202 1780 4241 cum
1823 4181 2028 4241 redimi
2057 4182 2268 4240 dicitur
2313 4188 2612 4258 peccatum
2639 4199 2758 4238 non

349 4261 535 4337 possit
562 4280 735 4337 poena
762 4259 886 4317 sola
911 4258 1165 4335 intelligi
1194 4260 1315 4319 sine
1344 4260 1533 4337 culpa,
1563 4269 1631 4319 ut
1657 4282 1764 4319 nec
1792 4262 1962 4339 culpa
1992 4262 2116 4320 sine
2143 4280 2332 4339 poena.

432 4341 613 4399 XIV.
658 4344 714 4397 4.
760 4340 909 4405 Tota
952 4338 1045 4397 vis
1092 4340 1421 4415 argumenti
1448 4340 1652 4399 nititur
1680 4341 1860 4401 verbo
1904 4342 2244 4401 Redimendi
2266 4340 2422 4417 quod
2449 4358 2568 4397 non
2593 4346 2758 4401 extat

352 4420 412 4478 in
440 4429 609 4480 textu
638 4418 921 4497 originali,
954 4417 1057 4476 sed
1084 4419 1327 4477 verbum
1356 4440 1446 4495 pan
1475 4420 1634 4496 quod
1650 4422 1836 4497 prima
1853 4428 1910 4481 et
1931 4422 2308 4480 usitatissima
2335 4418 2757 4497 significatione

348 4501 496 4560 nihil
524 4499 683 4560 aliud
732 4508 822 4559 est
848 4517 1021 4577 quam
1049 4499 1401 4575 abrumpere,
1447 4500 1773 4560 abstrahere
1800 4509 1858 4560 et
1883 4504 2203 4576 convellere,
2235 4521 2352 4577 quo
2379 4518 2553 4561 sensu
2581 4500 2757 4559 sumi·

352 4590 463 4658 tur,
486 4580 679 4641 Exod.
698 4580 886 4639 xxxii.
907 4583 963 4653 2,
986 4580 1021 4611 “
1044 4599 1175 4639 :mn-s
1207 4574 1446 4653 »iuvabo-m
1474 4585 1769 4659 separate”
1787 4581 1866 4640 id.
1886 4582 2170 4641 detrahite
2191 4581 2477 4641 “inaures
2493 4582 2754 4656 aureos‚‘’

349 4661 427 4721 V.
451 4662 529 4723 V.
554 4660 842 4736 “tollite,’'
861 4660 986 4718 lxx.
1008 4658 1293 4739 maimo„
1319 4659 1403 4721 sic
1421 4660 1571 4721 Gen.
1594 4660 1782 4721 xxvii.
1802 4660 1944 4738 40,1
1971 4662 2121 4740 Reg.
2139 4662 2264 4721 xix.
2288 4664 2356 4720 11
2381 4684 2396 4739 3
2422 4661 2554 4719 inde
2582 4661 2756 4719 ducto
