3234 5192
441 343 520 400 60
1203 354 1282 394 m:
1311 349 1671 393 NscsssAmA
1705 351 2051 392 saci-:esrom
2484 335 2742 416 [msrur.
2775 357 2861 398 ιιι.

442 500 706 580 quisquis
733 498 917 559 ederit
943 517 1150 576 panem
1176 496 1390 572 hunc,”
1421 503 1480 555 et
1507 517 1564 554 v.
1595 497 1695 555 28.
1726 497 1763 529 ‘⁴
1782 495 2067 573 Exploret
2092 503 2285 555 autem
2314 497 2487 556 homo
2517 497 2771 574 seipsum
2800 507 2861 558 et

444 583 528 641 sic
556 582 628 640 de
656 601 803 659 pane
831 579 934 638 illo
962 579 1097 638 edat
1117 578 1174 655 ;'’
1218 597 1534 655 pronomen
1562 577 1869 635 relativum
1897 602 1977 634 τοι
2004 601 2147 658 agro»
2184 602 2351 635 τουτον
2378 598 2494 636 non
2522 578 2699 636 alium
2728 587 2863 656 post

443 662 930 723 consecrationem
978 659 1248 736 designat
1293 678 1518 736 panem,
1565 656 1680 715 nisi
1734 657 1833 734 qui
1887 657 1999 716 fuit
2052 667 2237 733 antea,
2290 666 2573 717 mutatum
2620 659 2855 735 quidem

437 743 630 822 quoad
657 761 826 802 usum
854 750 912 801 et
934 739 1430 817 significationem,
1462 737 1565 796 sed
1591 757 1709 795 non
1738 737 1931 814 quoad
1958 738 2357 797 substantiam.
2458 740 2514 799 6.
2544 740 2777 814 Effectis
2805 749 2860 798 et

439 823 807 884 accidentibus
833 821 1030 896 variis,
1060 820 1272 896 quibus
1301 818 1603 895 subjicitur
1628 819 1796 894 panis
1846 819 2291 894 sacramentalis,
2322 826 2388 878 ut
2416 819 2535 878 vim
2564 819 2858 879 nutriendi

439 915 500 964 et
525 902 848 962 inebriandi
895 919 1104 978 corpus
1149 899 1380 973 habere,
1425 897 1713 974 corrumpi
1740 905 1799 956 ct
1824 897 1887 955 in
1914 907 2175 957 ventrem
2203 899 2379 972 abire,
2410 920 2445 957 a
2471 900 2731 958 muribus
2760 899 2857 959 de-

438 985 648 1058 vorari,
679 1004 716 1041 a
741 981 1038 1040 vermibus
1077 979 1220 1054 rodi,
1251 977 1360 1038 &c.
1388 999 1518 1055 quse
1546 979 1688 1036 talia
1714 986 1865 1054 sunt,
1896 987 1961 1038 ut
1988 999 2095 1038 nec
2123 978 2195 1038 de
2225 979 2439 1038 Christi
2467 999 2704 1056 corpore
2734 981 2858 1040 sine

435 1063 700 1125 horribili
738 1061 1100 1138 blasphemia
1137 1059 1253 1117 dici
1301 1059 1540 1136 possint,
1569 1079 1679 1118 nec
1709 1058 1781 1118 de
1818 1059 2213 1118 aecidentibus
2242 1060 2381 1118 solis
2409 1060 2532 1118 sine
2562 1060 2727 1137 gravi
2757 1060 2855 1118 ab·

439 1144 756 1218 surditate;
805 1141 909 1200 sed
945 1141 1056 1200 soli
1093 1140 1430 1200 substantiae
1467 1139 1635 1216 panis
1674 1147 1733 1198 et
1767 1140 1891 1198 vini
1929 1148 2273 1218 competant.
2360 1139 2550 1216 Unde,
2582 1161 2653 1199 ne
2692 1141 2861 1218 plura

433 1227 560 1304 jam
589 1242 982 1301 congeramus,
1013 1222 1142 1280 luce
1169 1220 1485 1279 meridiana
1509 1219 1721 1280 clarius
1749 1228 1854 1296 est,
1886 1220 2309 1279 Eucharistiam
2336 1240 2453 1277 non
2482 1241 2609 1279 esse
2636 1221 2859 1298 ipsissi-

440 1325 600 1366 mum
629 1304 842 1382 Christi
870 1322 1093 1380 corpus,
1119 1310 1290 1379 atque
1320 1299 1481 1375 adeo,
1512 1301 1612 1378 qui
1650 1320 1779 1359 eam
1806 1300 2065 1376 adorant,
2096 1320 2211 1359 non
2234 1321 2402 1379 posse
2424 1300 2537 1359 alio
2566 1321 2739 1379 quam
2768 1321 2855 1360 ar-

441 1387 776 1447 tolatrarum
803 1384 1033 1443 nomine
1062 1381 1344 1460 insigniri.

523 1465 669 1525 XV.
713 1466 916 1543 Neque
943 1465 1038 1523 hic
1067 1461 1408 1541 opponenda
1436 1469 1570 1520 sunt
1597 1461 1974 1521 vexatissimo.
2014 1462 2393 1522 institutionis
2419 1461 2614 1536 verba,
2646 1463 2858 1540 quibus

441 1548 704 1608 Christus
745 1546 816 1604 de
849 1565 998 1622 pane
1036 1543 1193 1619 dicit,
1223 1547 1354 1601 Hoc
1393 1551 1474 1600 est
1508 1563 1713 1618 corpus
1746 1562 1945 1618 meum,
1986 1543 2216 1618 quando
2260 1551 2477 1602 certum
2516 1551 2621 1616 est,
2651 1552 2718 1601 ut
2744 1544 2859 1602 alia

426 1630 552 1708 jam
581 1628 892 1699 mittamuS,
925 1645 1056 1683 eum
1085 1624 1143 1681 in
1172 1623 1528 1681 institutione
1557 1623 1731 1699 hujus
1752 1622 2091 1682 sacramenti
2116 1622 2515 1682 sacramentali
2534 1643 2701 1682 usum
2732 1644 2857 1682 esse

439 1707 651 1786 phrasi,
683 1714 743 1765 et
769 1725 976 1763 nomeu
998 1703 1081 1762 rei
1111 1702 1447 1779 significatae
1478 1702 1645 1779 signo
1673 1702 1960 1778 tribuisse,
1982 1713 2047 1760 ut
2068 1704 2539 1763 sacramentalem
2569 1703 2717 1762 inter
2740 1705 2855 1781 sig·

437 1807 578 1846 num
607 1795 665 1845 et
691 1806 810 1844 rem
840 1784 1220 1862 significatam
1258 1783 1586 1858 designaret
1624 1782 1893 1840 unionem
1919 1805 1935 1842 ι
1978 1783 2101 1841 haec
2128 1784 2281 1842 enim
2310 1792 2585 1862 perpetua
2612 1794 2700 1843 est
2731 1785 2857 1862 Spi-

439 1868 586 1926 ritus
619 1867 816 1925 Sancti
843 1863 1116 1942 loquendi
1143 1863 1307 1937 ratic,
1339 1863 1566 1940 quoties
1593 1863 1667 1921 de
1697 1863 2068 1922 sacramentis
2104 1864 2377 1942 loquitur.
2466 1865 2563 1923 Sic
2604 1865 2856 1924 Circum-

440 1948 588 2023 cisi0,
619 1966 749 2024 quae
777 1955 900 2004 erat
927 1945 1154 2022 signum
1178 1943 1411 2002 foederis
1439 1943 1641 2018 divini,
1674 1943 1886 2002 Genes.
1916 1944 2063 2002 xvii.
2096 1947 2188 2017 11,
2224 1945 2467 2003 Roman.
2496 1945 2575 2002 iv.
2610 1948 2722 2021 11.,
2754 1967 2853 2004 vo-

441 2037 604 2086 catur
641 2029 850 2102 sada-3,
904 2025 1116 2084 Genes.
1166 2023 1309 2082 xvii.
1363 2026 1456 2098 10,
1491 2027 1586 2083 13.
1667 2025 1865 2099 Agnus
1919 2026 2229 2100 Pasckalis,
2280 2025 2378 2102 qui
2427 2025 2703 2084 transitus
2751 2024 2861 2086 fuit

437 2131 747 2184 prapaes-vm,
796 2106 984 2165 Exod.
1041 2105 1144 2164 xii.
1168 2107 1258 2179 13,
1331 2103 1422 2179 14,
1485 2103 1696 2164 dicitur
1742 2106 1984 2181 Pascha,
2033 2125 2137 2165 seu
2184 2106 2457 2164 transitus
2504 2125 2563 2164 v.
2619 2109 2711 2181 11,
2760 2110 2855 2180 21,

439 2192 536 2248 43.
620 2188 964 2264 Baptismus,
1011 2189 1298 2244 lavacrum
1341 2184 1808 2262 regenerationis,
1854 2185 1967 2244 Tit.
2011 2185 2093 2244 iii.
2126 2189 2181 2246 5.
2286 2188 2480 2261 Petra,
2517 2187 2786 2262 Christus,
2822 2191 2852 2245 1

437 2269 696 2328 Corinth.
739 2289 798 2327 x.
842 2270 898 2342 4,
943 2264 1096 2326 unde
1139 2265 1412 2341 August„
1445 2285 1616 2342 supra
1646 2265 1969 2325 Leviticum
1999 2275 2201 2343 quaest.
2232 2269 2327 2341 57,
2364 2270 2398 2300 ‘⁴
2422 2267 2555 2325 Non
2582 2266 2734 2326 dixit
2758 2288 2857 2345 pe-

437 2359 528 2409 tra
561 2349 848 2426 significat
877 2347 1184 2421 Christum,
1230 2346 1334 2404 sed
1372 2353 1649 2422 tanquam
1688 2345 1801 2404 hoc
1841 2355 2011 2421 esset,
2043 2345 2201 2424 quod
2233 2347 2433 2424 utique
2462 2367 2564 2424 per
2592 2348 2855 2407 substan-

433 2430 576 2488 tiam
605 2449 722 2487 non
747 2429 857 2486 hoc
880 2435 1019 2499 erat,
1051 2427 1152 2486 sed
1179 2446 1283 2504 per
1311 2426 1847 2502 significationem.”
1872 2427 1967 2486 Sic
1991 2428 2177 2505 Epist.
2205 2431 2337 2503 102,
2372 2430 2407 2461 “
2428 2429 2549 2488 Nec
2566 2429 2855 2502 moveat,’'

435 2509 640 2586 inquit,
687 2510 724 2541 ‘⁴
745 2507 900 2585 quod
931 2507 1124 2584 aliquo
1151 2506 1323 2565 modo
1345 2525 1436 2564 res
1457 2526 1586 2584 quae
1617 2506 1922 2582 significat,
1954 2527 2163 2566 nomen
2200 2508 2327 2585 ejus
2356 2508 2438 2567 rei
2460 2529 2632 2585 quam
2664 2510 2857 2586 signat

434 2589 666 2667 accipit,
695 2589 832 2665 quia
853 2587 1142 2664 significat
1158 2587 1508 2663 Christum,”
1535 2583 1644 2645 Sco.
1670 2587 1765 2646 Sic
1795 2587 1853 2645 in
1882 2588 1993 2647 hoc
2021 2589 2147 2665 ipso
2170 2598 2543 2663 sacrament0‚
2580 2590 2753 2649 Calix
2779 2599 2862 2648 est

433 2673 658 2729 Novum
694 2671 1096 2728 Testamentum
1133 2668 1192 2726 in
1211 2667 1480 2744 sanquine
1501 2688 1623 2725 meo
1646 2689 1660 2742 ;
1693 2667 1791 2725 ubi
1820 2667 2037 2745 duplex
2066 2669 2299 2727 omnino
2329 2671 2577 2728 occurrit
2596 2679 2858 2746 metony-

435 2751 589 2825 mia3
634 2770 740 2808 nec
769 2749 919 2808 enim
949 2747 1220 2825 poculum
1248 2756 1337 2806 est
1364 2747 1813 2820 Testamentum,
1840 2748 1945 2806 sed
1966 2748 2165 2807 vinum
2194 2749 2252 2807 in
2276 2750 2500 2826 pocu10‚
2530 2771 2637 2809 nec
2660 2750 2857 2808 vinum

436 2841 528 2892 est
557 2831 788 2890 Novum
817 2830 1266 2902 Testamentum,
1291 2827 1404 2885 nisi
1433 2829 1923 2887 sacramentaliter
1940 2838 1998 2888 et
2021 2829 2353 2906 symbolice,
2381 2830 2517 2906 quia
2536 2851 2855 2890 sacramen-

437 2921 559 2972 tum
589 2920 677 2971 est
707 2911 862 2970 Novi
903 2910 1257 2969 Testamenti
1299 2928 1401 2986 per
1441 2909 1783 2986 sanguinem
1824 2909 2038 2968 Christi
2078 2910 2231 2986 pacti
2266 2920 2323 2970 et
2352 2910 2477 2969 rati.
2562 2911 2701 2972 Jam
2728 2931 2858 2988 quae

435 2994 582 3053 ratio
611 3002 701 3052 est
727 2992 941 3062 calicis,
973 2989 1171 3049 eadem
1195 2990 1366 3049 debet
1395 3010 1520 3048 esse
1549 2989 1733 3067 paniS,
1757 2989 1911 3067 quod
1941 2989 2183 3048 alterum
2214 3000 2301 3048 est
2322 2991 2489 3049 istius
2518 2992 2861 3050 sacramenti

437 3075 802 3132 elementum.
889 3072 1094 3148 Itaque
1132 3091 1262 3129 cum
1314 3070 1578 3129 Christus
1624 3069 1773 3129 dixit
1819 3070 1891 3128 de
1928 3090 2095 3147 panc,
2142 3072 2243 3129 hoc
2290 3081 2371 3128 est
2407 3092 2610 3148 corpus
2656 3092 2855 3146 merem,

436 3153 579 3210 nihil
611 3151 770 3210 aliud
797 3151 998 3223 voluit,
1030 3171 1202 3226 quam
1231 3170 1438 3226 panem
1468 3170 1594 3209 esse
1624 3151 1879 3227 corporis
1908 3150 1997 3208 sui
2016 3160 2452 3210 sacramentum.

521 3231 701 3288 XVI.
747 3229 869 3286 Nec
897 3228 1068 3285 aliam
1095 3241 1357 3286 veterum
1383 3230 1632 3305 purioris
1660 3230 1771 3286 aevi
1800 3229 1975 3288 fuisse
2004 3240 2271 3303 mentem,
2302 3231 2469 3288 facile
2492 3239 2645 3289 esset
2665 3241 2859 3290 osten-

329 3363 334 3368 .
436 3330 516 3385 re,
549 3309 598 3367 si
626 3308 688 3365 id
703 3327 857 3365 nunc
885 3326 1203 3382 ageremus.
1289 3309 1456 3365 Certe
1485 3308 1875 3366 Tertullianus
1896 3307 2175 3366 adversus
2196 3309 2566 3384 Marcionem,
2600 3309 2746 3367 libro
2775 3311 2855 3369 iv.

437 3409 563 3466 cap.
596 3390 691 3461 40,
733 3407 851 3444 non
888 3387 1054 3444 aliter
1091 3384 1380 3461 intelligit,
1415 3386 1740 3444 “Christus
1785 3396 2082 3462 acceptum
2132 3407 2335 3463 panem
2382 3397 2439 3446 et
2484 3387 2854 3448 distributum

439 3467 756 3544 discipulis,
788 3485 995 3542 corpus
1044 3484 1210 3524 suum
1258 3465 1422 3522 illum
1471 3465 1624 3537 fecit,
1654 3466 1765 3523 hoc
1804 3475 1892 3524 est
1936 3485 2143 3542 corpus
2172 3487 2361 3526 meum
2390 3467 2650 3544 dicend0,
2682 3469 2741 3528 id
2771 3481 2861 3532 cst

437 3549 627 3626 figura
653 3546 908 3624 eorporis
949 3546 1121 3605 mei.''
1174 3545 1620 3621 Chrysostomus
1648 3544 1709 3603 in
1740 3545 1895 3604 Psal..
1925 3547 2070 3603 xxii.
2100 3547 2199 3622 ait,
2235 3549 2270 3580 ‘⁴
2291 3547 2581 3607 Christum
2610 3549 2669 3607 in
2699 3552 2855 3609 simi-

437 3627 742 3688 litudinem
791 3626 1046 3704 eorporis
1074 3634 1132 3685 et
1161 3625 1458 3702 sanguinis
1485 3625 1576 3684 sui
1603 3645 1810 3703 panem
1840 3635 1897 3686 et
1925 3626 2125 3685 vinum
2154 3627 2321 3687 nobis
2349 3629 2648 3689 ostendere
2676 3631 2738 3689 in
2766 3652 2855 3690 sa-

437 3709 786 3769 crament0.”
891 3706 1238 3766 Theodoret.
1268 3704 1403 3766 dial.
1437 3709 1490 3781 1,
1526 3708 1560 3739 “
1589 3721 1841 3788 Argum-5
1870 3706 2133 3767 Christus
2159 3708 2413 3768 visibilia
2441 3711 2705 3787 symbola
2732 3731 2855 3770 cor-

437 3790 594 3869 poris
623 3799 680 3850 et
708 3787 1006 3866 sanguinis
1033 3786 1418 3865 appellatione
1445 3787 1767 3864 honoravit,
1792 3809 1907 3848 non
1928 3796 2189 3848 naturam
2218 3799 2464 3866 mutans,
2489 3790 2591 3850 sed
2614 3793 2859 3868 gratiam

439 3879 660 3930 naturae
704 3869 1042 3947 adjiciens.’'
1129 3867 1383 3926 Basilius
1423 3887 1671 3944 magnus
1698 3869 1757 3927 in
1788 3869 2069 3946 Liturgia‚
2100 3869 2161 3928 in
2188 3872 2516 3948 precatione
2544 3872 2859 3931 sacerdotis

437 3949 828 4012 consecraturi
855 3951 1039 4027 signa,
1059 3958 1232 4008 vocat
1261 3954 1598 4024 fea-mmm
1624 3974 1712 4008 του
1740 3975 1969 4032 emesan
1998 3957 2181 4016 rat-'ik
2212 3962 2563 4011 monumenta
2588 3953 2859 4011 salutaris

433 4031 730 4110 passionis,
767 4039 828 4090 et
853 4039 986 4108 post
1011 4029 1542 4108 pronunciationem
1570 4031 1877 4088 verborum
1906 4031 2284 4090 institutionis
2312 4041 2483 4091 vocat
2507 4057 2576 4091 ra
2604 4057 2858 4092 amma

439 4139 526 4172 του
555 4115 706 4184 ἅγιον
725 4137 953 4188 σωματος
972 4136 1062 4169 ue
1079 4112 1292 4188 ἇιμσιτος
1313 4136 1402 4169 του
1428 4121 1657 4190 Χςιπου,
1682 4110 1743 4168 id
1764 4119 1867 4186 est,
1891 4121 2048 4188 typos
2083 4114 2266 4171 sancti
2282 4114 2537 4189 corporis
2553 4123 2607 4172 et
2628 4113 2855 4190 sanqui-

439 4194 524 4252 πίε
549 4194 774 4253 Christi.
823 4193 940 4252 Sed
981 4193 1236 4251 omnium
1257 4191 1631 4250 disertissime
1654 4190 2039 4268 Augustinus,
2062 4192 2211 4251 libro
2233 4202 2433 4252 contra
2453 4191 2851 4270 Adimantum,

439 4273 752 4330 Manichaei
793 4272 1155 4352 discipulum,
1201 4291 1324 4350 cap.
1366 4276 1457 4347 12,
1505 4273 1541 4304 ‘⁴
1565 4271 1698 4330 Non
1729 4270 2020 4330 dubitavit
2062 4273 2347 4332 Dominus
2376 4273 2583 4347 dicere,
2614 4274 2742 4330 Hoc
2776 4285 2859 4332 est

437 4371 644 4428 corpus
669 4371 866 4424 meum,
907 4372 1036 4412 cum
1077 4353 1304 4430 signum
1351 4352 1516 4411 daret
1557 4351 1815 4429 corporis
1854 4353 2001 4412 sui.”
2100 4353 2179 4412 Et
2208 4354 2395 4431 Epist.
2442 4357 2539 4412 23.
2574 4351 2649 4412 ad
2678 4353 2859 4411 Boni-

439 4432 569 4505 fac.,
623 4433 660 4463 “
687 4431 801 4504 Si,”
831 4432 1032 4508 inquit,
1083 4436 1118 4466 ‘⁴
1141 4443 1498 4493 sacramenta
1539 4432 1831 4510 quandam
1872 4433 2306 4492 similitudinem
2356 4453 2562 4508 rerum,
2614 4453 2857 4508 quarum

440 4518 800 4572 sacramenta
839 4521 988 4586 sunt,
1033 4531 1148 4570 non
1175 4514 1470 4588 haberent,
1511 4513 1745 4573 omnino
1802 4521 2159 4573 sacramenta
2201 4534 2317 4572 non
2362 4521 2573 4572 essent.
2624 4514 2719 4572 Ex
2748 4515 2857 4574 hac

437 4601 630 4652 autem
659 4589 1034 4650 similitudine
1060 4591 1396 4670 plerumque
1425 4595 1596 4654 etiam
1626 4594 1878 4673 ipsarum
1906 4614 2095 4654 rerum
2123 4595 2359 4652 nomina
2384 4593 2690 4670 accipiunt,
2712 4594 2862 4653 sicut

437 4693 578 4752 ergo
634 4669 948 4732 secundum
1003 4671 1288 4749 quendem
1341 4674 1578 4734 modum
1624 4682 2043 4734 sacramentum
2085 4673 2341 4751 corporis
2391 4673 2605 4732 Christi
2652 4693 2863 4752 corpus
