3234 5192
243 369 478 410 msrcr.
511 347 606 429 11.]
1011 367 1238 408 nosrns
1269 368 1346 406 aa
1377 365 1657 407 secessui
1686 367 1951 406 noxam.
2601 349 2677 406 33

245 511 477 568 {uncam
505 509 796 567 latronum
825 527 952 566 esse
981 517 1274 584 mutatam,
1307 529 1412 568 nec
1435 518 1627 566 tamen
1654 507 1799 585 pios,
1828 508 1931 584 qui
1958 507 2019 564 in
2046 527 2115 564 ea
2141 506 2329 564 adhuc
2358 506 2667 584 degebant,

250 591 608 662 Zachariam,
643 587 1062 662 Elizabetham,
1117 589 1462 660 Simeonem,
1511 588 1763 662 Annam,
1804 587 2033 646 beatam
2052 585 2375 662 Virginem,
2419 599 2478 645 et
2518 587 2665 644 alios

247 690 376 728 eam
431 669 778 728 deseruisse.
881 667 1044 726 Licet
1084 687 1224 744 ergo
1267 667 1695 742 concederetur,
1741 667 2089 743 gravisimos
2130 665 2306 723 fuisse
2336 677 2561 724 errores
2601 675 2661 726 et

245 749 604 826 corruptelas
625 749 686 806 in
707 747 971 806 Ecclesia
993 747 1181 822 Rom„
1213 768 1328 806 non
1351 748 1480 806 ideo
1503 748 1699 806 statim
1727 745 2163 823 relinquendam
2202 745 2398 802 fuisse.

328 829 406 887 V.
450 827 602 904 Quia
629 827 1002 904 exceptiones
1021 829 1150 886 istae
1171 827 1416 886 subinde
1455 836 1756 886 recurrunt
1783 825 1938 904 apud
1965 825 2346 897 adversarios,
2372 834 2431 882 et
2448 844 2665 900 magno

244 919 524 986 apparatu
571 905 890 966 identidem
933 915 1304 982 reponuntur,
1335 907 1673 984 diligentius
1720 906 1893 983 paulo
1922 915 2059 964 sunt
2094 903 2473 963 excutiendae.
2507 904 2577 962 R.
2612 904 2665 962 1.

247 989 440 1063 Quum
467 995 818 1065 supponunt,
869 986 1252 1045 idololatriam
1299 1007 1416 1046 non
1443 1007 1568 1045 esse
1611 985 1953 1045 secessionis
2008 1005 2241 1044 causam
2270 983 2663 1060 sufficientem,

245 1069 306 1126 in
334 1089 404 1127 eo
431 1087 732 1145 perperam
761 1066 1106 1143 principium
1145 1075 1364 1143 petunt,
1395 1075 1454 1124 et
1475 1075 1749 1143 tanquam
1766 1077 1985 1124 certum
2003 1075 2063 1124 et
2088 1063 2475 1123 indubitatum
2504 1083 2666 1122 assu-

245 1157 426 1222 munt,
457 1147 616 1224 quod
645 1155 734 1205 est
761 1146 822 1203 in
849 1146 1200 1222 quaestione,
1257 1145 1374 1204 imo
1422 1154 1645 1205 tantum
1672 1145 1839 1204 abest
1880 1155 1945 1204 ut
1990 1164 2107 1202 non
2156 1143 2419 1219 sufficiat,
2464 1153 2529 1203 ut
2568 1145 2665 1202 vel

243 1229 370 1286 haec
399 1247 516 1285 una
541 1227 704 1300 ratio,
730 1226 782 1284 si
809 1225 982 1284 nullae
1009 1226 1138 1284 alise
1166 1223 1456 1300 darentur,
1487 1225 1561 1283 ad
1584 1225 1967 1284 secessionem
1995 1223 2315 1282 faciendam
2343 1223 2668 1282 necessario

249 1327 354 1366 nos
383 1307 676 1382 impellere
704 1305 958 1380 deberet,
1003 1305 1140 1382 quia
1167 1305 1328 1363 nulla
1355 1305 1683 1362 communio
1724 1313 1915 1380 potest
1942 1323 2069 1361 esse
2116 1303 2243 1360 Deo
2291 1323 2421 1361 cum
2471 1303 2661 1378 idolis,

245 1407 358 1444 nec
385 1395 586 1444 sancto
614 1394 670 1444 et
709 1385 932 1444 coelesti
963 1404 1176 1462 sponso
1205 1405 1336 1442 cum
1386 1384 1667 1442 adultera.
1750 1389 1809 1441 2.
1854 1382 2155 1459 Exempla,
2192 1402 2321 1457 quae
2350 1381 2425 1440 ad
2452 1402 2662 1460 excep-

247 1465 430 1524 tionis
447 1465 836 1542 probationem
865 1463 1195 1539 afferuntur,
1225 1465 1324 1522 vel
1349 1463 1514 1536 falso,
1544 1463 1641 1521 vel
1670 1471 1877 1540 praeter
1904 1481 2025 1520 rem
2054 1470 2111 1520 et
2147 1457 2529 1542 arpa-'mimn-
2558 1461 2657 1520 ad-

249 1545 557 1604 ducuntur.
642 1545 838 1602 Primo
867 1563 1148 1620 negamus
1175 1545 1302 1620 pios
1331 1544 1440 1602 sub
1481 1543 1683 1601 Veteri
1711 1542 2083 1600 Testamento
2110 1541 2329 1600 nullam
2356 1541 2431 1598 ab
2474 1540 2655 1600 idolo-

243 1625 412 1683 latris
459 1624 844 1682 secessionem
886 1624 1109 1698 secisse,
1145 1643 1252 1682 nec
1281 1643 1318 1680 a
1345 1624 1473 1682 Deo
1513 1624 1627 1681 hoe
1674 1622 1793 1680 illis
1836 1630 2201 1699 praeceptum.
2298 1620 2659 1682 secedebant

245 1705 542 1763 secessione
569 1704 776 1762 saltem
791 1705 1022 1762 mentali
1039 1713 1094 1762 et
1119 1704 1393 1779 negativa,
1418 1701 1763 1762 abstinendo
1791 1702 1865 1760 ab
1894 1701 2183 1760 erroribus
2210 1709 2269 1758 et
2296 1700 2659 1776 idololatria3

247 1784 594 1843 secedebant
641 1784 816 1842 etiam
845 1784 1054 1860 saepius
1079 1784 1378 1842 secessione
1413 1793 1618 1859 aperta
1660 1791 1720 1842 et
1762 1789 2012 1858 patente,
2058 1801 2160 1859 per
2196 1781 2663 1856 protestationem

247 1864 454 1922 seriam
483 1871 684 1922 contra
709 1863 856 1921 tales
883 1863 1254 1938 corruptelae,
1285 1872 1345 1921 et
1372 1881 1609 1939 gravem
1639 1881 1837 1920 eorum
1865 1861 2330 1939 increpationem,
2362 1862 2463 1937 qui
2490 1862 2563 1920 iis
2600 1881 2663 1920 se

247 1943 602 2021 polluebant.
687 1942 786 2000 Sic
817 1943 1013 2000 Moses
1042 1943 1280 2001 secessit
1307 1943 1381 2001 ab
1408 1942 1749 2016 idololatris,
1799 1961 1931 1999 cum
1962 1941 2297 2000 Levitarum
2342 1941 2660 2001 ministerio

247 2023 590 2100 gravissime
616 2023 727 2080 hoc
755 2021 970 2080 crimen
1003 2021 1158 2080 ultus
1185 2031 1290 2096 est,
1318 2021 1508 2080 Exod.
1533 2022 1723 2079 xxxii.
1750 2021 1847 2079 Sic
1868 2020 2171 2097 Prophetae
2200 2020 2575 2080 concionibus
2603 2029 2661 2080 et

245 2103 764 2162 declamationibus
791 2101 911 2160 suis
939 2101 1286 2160 secedebant
1313 2102 1386 2160 ab
1415 2101 1641 2177 impuro
1668 2101 1845 2158 cultu.
1890 2101 1986 2158 Sic
2014 2100 2217 2159 fideles
2242 2101 2411 2176 praxi
2432 2101 2663 2179 pietatis

245 2193 304 2241 et
330 2183 468 2242 vitae
495 2202 558 2241 se
585 2201 762 2258 puros
789 2191 848 2240 et
875 2181 1158 2239 immunes
1175 2181 1526 2258 praestabant
1545 2181 1618 2238 ab
1648 2179 1973 2238 istiusmodi
2002 2179 2284 2254 sordibus,
2316 2179 2453 2238 dum
2480 2201 2663 2257 qeme-

243 2263 380 2320 bant
413 2271 660 2338 propter
683 2261 1118 2320 abominationes
1144 2262 1390 2334 Israelis,
1425 2260 1639 2318 Ezech.
1684 2261 1766 2318 ix.
1810 2263 1866 2332 4,
1896 2268 1962 2318 ut
1992 2259 2233 2332 LothuS,
2264 2259 2365 2335 qui
2396 2259 2663 2318 Sodomis

245 2341 538 2418 affligebat
565 2341 816 2398 animam
844 2359 1006 2398 suam
1029 2341 1250 2417 justam
1277 2348 1510 2416 propter
1557 2348 1794 2417 peccata
1825 2338 2273 2414 Sodomaeorum,
2340 2343 2376 2397 2
2424 2339 2548 2398 Pet.
2597 2340 2659 2399 ii.

247 2421 369 2480 Nec
397 2421 514 2479 dici
539 2429 748 2497 potest,
781 2420 1164 2478 secessionem
1191 2419 1350 2478 illam
1369 2429 1713 2497 praeceptam
1730 2438 1847 2476 non
1868 2418 2063 2479 fuisse.
2108 2419 2257 2478 Nam
2280 2427 2661 2496 praeterquam

243 2501 401 2576 quod
429 2520 602 2577 poena
626 2500 828 2558 mortis
858 2500 916 2557 in
944 2497 1278 2558 idololatras
1301 2499 1697 2572 denunciatur,
1734 2497 1905 2556 Exod
1934 2499 2077 2557 xxii.
2107 2502 2202 2573 20,
2234 2507 2292 2557 et
2312 2499 2486 2558 Deut.
2516 2499 2663 2559 xvii.

245 2585 299 2654 2,
345 2581 572 2657 quoties
618 2579 914 2657 prophetae
961 2579 1192 2638 nomine
1223 2580 1334 2638 Dei
1361 2579 1735 2654 increpabant
1764 2577 2111 2651 idololatras,
2138 2578 2309 2637 toties
2338 2579 2447 2656 piis
2476 2599 2661 2638 seces·

244 2661 464 2718 sionem
509 2659 583 2717 ab
631 2659 774 2736 ipsis
822 2659 1246 2736 praecipiebant,
1295 2659 1408 2716 imo
1447 2658 1662 2716 diserte
1707 2677 1825 2716 non
1870 2657 2047 2715 semel
2096 2658 2205 2716 hoc
2260 2659 2659 2735 praescriptum

243 2739 510 2816 legimus,
543 2739 658 2797 Isa.
697 2739 782 2797 lii.
833 2741 926 2812 11,
987 2741 1022 2771 “
1047 2738 1360 2812 Discedite,
1407 2737 1707 2812 discedite,
1750 2737 1906 2796 exite
1950 2737 2128 2810 illine,
2172 2737 2531 2797 immundum
2580 2759 2655 2798 ne

241 2818 591 2895 attingitote,
621 2817 776 2876 exite
805 2839 838 2876 e
867 2817 1056 2876 medio
1085 2819 1268 2894 ejus,’'
1295 2817 1402 2876 ἆυ.
1429 2817 1508 2876 Et
1537 2817 1685 2876 Hos.
1704 2817 1764 2874 ii.
1795 2821 1849 2889 2,
1886 2820 1921 2849 ‘⁴
1946 2815 2293 2876 contendite
2322 2837 2453 2876 oum
2476 2828 2657 2878 matre

241 2908 454 2973 vestra,
485 2897 812 2956 contendite
841 2897 1026 2973 ipsam
1053 2917 1170 2956 non
1195 2917 1324 2955 esse
1351 2916 1592 2956 uxorem
1619 2916 1827 2960 meam,
1858 2903 1917 2954 et
1958 2915 2049 2952 me
2077 2915 2193 2952 non
2217 2915 2343 2952 esse
2364 2897 2553 2953 virum
2576 2895 2659 2972 ip.

243 2979 382 3054 sius,
413 2988 480 3038 ut
501 2985 768 3036 amoveat
795 2977 1174 3036 scortationes
1195 2997 1330 3034 suas
1352 2997 1386 3034 a
1407 2984 1721 3051 conspectu
1751 2994 1855 3032 suo
1884 2982 1941 3032 et
1968 2973 2253 3032 adulteria
2281 2993 2387 3030 sua
2406 2993 2439 3031 e
2466 2973 2659 3034 medio

239 3058 482 3118 uberum
510 3075 762 3132 suorum,
793 3076 866 3115 ne
893 3056 1182 3116 denudem
1209 3076 1336 3116 eam
1363 3055 1592 3132 plane,”
1638 3051 1766 3128 ἀει,
1797 3051 1953 3132 quod
1994 3072 2111 3110 non
2153 3051 2331 3112 semel
2358 3052 2499 3112 alibi
2524 3052 2659 3114 iter·

243 3147 392 3196 atur.

325 3217 436 3275 VI.
481 3217 674 3292 Dices,
723 3218 1138 3295 qualiscunque
1167 3218 1338 3278 fuerit
1366 3237 1564 3277 eorum
1615 3216 1881 3290 secessio,
1928 3223 2147 3276 certum
2194 3225 2283 3276 est
2330 3236 2447 3276 non
2476 3217 2655 3280 fuisse

235 3298 548 3372 positivam,
581 3296 772 3374 qualis
797 3318 834 3355 a
859 3298 1028 3356 nobis
1049 3299 1201 3357 facta
1227 3307 1332 3372 est,
1363 3319 1494 3375 quse
1511 3306 1697 3356 coetus
1723 3297 1989 3356 habucrit
2016 3305 2369 3374 segregatos,
2400 3306 2459 3357 et
2485 3297 2658 3358 aliam

244 3376 564 3435 Ecclesiam
594 3378 860 3436 erexerit.
917 3377 990 3435 R.
1035 3379 1232 3437 Gratis
1261 3379 1602 3456 supponitur
1630 3377 1821 3436 nullos
1850 3377 2155 3436 secessisse
2184 3379 2451 3454 positive.
2511 3377 2654 3454 Quis

241 3449 458 3515 dixerit
511 3476 544 3515 e
591 3456 792 3515 decem
839 3457 1094 3516 tribuum
1142 3478 1397 3532 numero,
1443 3457 1799 3534 temporibus
1846 3477 2049 3533 regum
2094 3458 2335 3535 piorum,
2366 3459 2654 3518 neminem

247 3535 562 3594 Samariam
583 3536 886 3612 reliquisse
915 3547 974 3595 et
996 3537 1227 3612 vitulos,
1250 3545 1318 3596 ut
1344 3537 1681 3596 ascenderet
1710 3537 2195 3614 Hierosolymam,
2220 3547 2279 3596 et
2298 3537 2373 3595 ad
2402 3559 2563 3596 saera
2592 3540 2653 3598 in

241 3615 458 3692 templo
485 3614 748 3674 facienda
773 3615 988 3675 rediret
1005 3619 1034 3674 Ρ
1145 3616 1368 3676 Deinde
1419 3617 1469 3675 si
1511 3616 1647 3674 talis
1690 3616 1842 3674 facta
1869 3636 1985 3674 non
2038 3624 2127 3674 est
2168 3617 2434 3692 secessio,
2466 3617 2655 3694 qualis

239 3705 568 3754 nostrorum
595 3695 705 3753 fuit
733 3716 768 3754 a
799 3695 1040 3773 Papatu,
1070 3696 1278 3754 mirum
1322 3695 1508 3754 videri
1545 3715 1663 3754 non
1704 3695 1893 3770 debet,
1939 3696 2076 3772 quia
2122 3715 2229 3754 nec
2270 3697 2393 3754 fieri
2442 3697 2647 3773 potuit,

239 3794 346 3833 nec
373 3773 636 3833 absolute
665 3774 871 3849 adhuc,
903 3795 1019 3852 quo
1046 3775 1174 3834 loco
1201 3795 1294 3835 res
1323 3783 1486 3834 erant
1511 3775 1573 3832 in
1601 3775 1815 3852 populo
1866 3775 1994 3850 Dei,
2044 3775 2369 3834 necessaria
2394 3775 2520 3834 fuit.
2570 3779 2647 3833 1⁰·

240 3854 404 3913 Deus
433 3854 542 3913 sub
571 3853 647 3913 V.
677 3854 746 3913 Τ.
777 3856 878 3913 uni
905 3855 1034 3913 loco
1063 3856 1282 3914 cultum
1315 3873 1482 3914 suum
1525 3853 1803 3928 affixerat,
1848 3875 1956 3912 nec
1984 3854 2121 3912 alibi
2144 3873 2317 3930 quam
2346 3855 2406 3911 in
2434 3853 2479 3913 J
2481 3853 2649 3914 udaea

239 3943 412 3993 notus
454 3943 594 4008 erat,
625 3933 781 3993 unde
808 3934 924 3993 alio
953 3953 1015 3992 se
1041 3935 1293 4012 recipere
1323 3954 1438 3993 non
1480 3943 1744 4012 poterant
1771 3933 1989 4008 fideles,
2020 3933 2118 3991 vel
2146 3932 2441 3991 Ecclesiae
2462 3953 2645 3992 novas

239 4014 460 4092 erigere
483 4033 616 4071 cum
644 4033 746 4089 spe
775 4014 995 4088 salutis,
1027 4013 1130 4072 sed
1159 4014 1501 4074 tenebantur
1527 4014 1608 4073 ibi
1638 4013 1864 4088 morari,
1896 4013 1997 4072 ubi
2019 4013 2279 4072 Verbum
2310 4012 2423 4070 Dei
2449 4011 2645 4072 audie-

235 4092 422 4166 batur,
453 4092 558 4150 ubi
585 4093 752 4170 signa
780 4094 1047 4152 salutaris
1073 4093 1394 4170 praesentiae
1433 4093 1811 4169 habebantur,
1842 4101 1901 4151 et
1928 4091 2117 4151 foedus
2144 4111 2211 4150 ac
2237 4091 2647 4168 promissiones

237 4172 722 4250 proponebantur.
771 4223 788 4240 .
806 4177 885 4240 20·
919 4173 1084 4232 Licet
1109 4173 1437 4232 idololatria
1463 4193 1615 4251 saepe
1644 4173 1955 4232 obtinuerit
1982 4173 2045 4229 in
2070 4172 2301 4248 populo,
2348 4189 2645 4247 nunquam

235 4261 430 4310 tamen
472 4259 712 4310 eatenus
737 4252 1054 4312 invaluisse
1083 4273 1208 4312 eam
1235 4253 1521 4327 videmus,
1551 4261 1616 4312 ut
1644 4253 1831 4312 abiret
1855 4252 1915 4308 in
1944 4251 2151 4326 legem,
2176 4259 2235 4308 et
2278 4251 2525 4327 populus
2565 4253 2643 4314 ad

235 4351 363 4388 eam
403 4351 509 4409 per
549 4331 670 4388 vim
717 4331 1064 4409 adigeretur,
1121 4333 1266 4392 alias
1315 4341 1534 4411 septem
1577 4332 1681 4390 illa
1728 4331 1911 4388 millia
1955 4330 2103 4387 Eliae
2150 4339 2405 4406 tempore
2451 4351 2643 4410 genua

233 4409 465 4470 flectere
487 4411 658 4468 Baali
687 4421 886 4471 coacta
911 4411 1173 4488 fuissent,
1205 4413 1360 4490 quod
1403 4422 1596 4472 tamen
1625 4419 1802 4488 negat
1831 4409 2133 4469 Dominus.
2196 4409 2645 4474 Pet-trahebatur

234 4490 470 4566 quidem
497 4490 748 4567 populus
777 4491 852 4548 ad
877 4491 1232 4567 peccandum
1261 4492 1528 4571 exemplo
1575 4509 1781 4566 regum
1829 4489 1924 4547 vel
1974 4489 2352 4567 sacerdotum,
2382 4493 2485 4554 vel
2508 4513 2639 4570 pro-

231 4571 358 4646 pria
385 4577 610 4648 sponte,
633 4578 700 4629 ut
727 4579 954 4630 constat
978 4569 1156 4632 fuisse
1183 4573 1258 4631 ad
1286 4571 1671 4632 idololatriam
1698 4568 1949 4628 maxime
1968 4590 2210 4647 pronum
2238 4579 2297 4630 et
2338 4570 2641 4646 φιλύὃαλοι,

237 4649 339 4709 sed
363 4669 484 4710 non
527 4659 754 4710 constat
781 4651 1182 4711 necessitatem
1209 4653 1358 4712 hanc
1405 4653 1676 4728 cuiquam
1722 4649 2049 4730 inpositam
2090 4650 2287 4714 fuisse.
2371 4653 2496 4711 lmo
2524 4671 2643 4712 non

2383 4751 2416 4790 c
