3234 5192
527 328 643 384 714
1354 342 1433 382 ns
1460 340 1714 386 cuicum
1743 340 2100 383 romu-1010.
2473 320 2732 402 [meror.
2763 338 2938 381 mv.

524 482 818 543 Christum
852 500 1055 560 pacem
1082 500 1214 541 cum
1244 482 1371 542 Deo
1404 482 1658 557 habent3
1705 482 1791 543 At
1831 502 2032 543 omnes
2073 482 2374 542 credentes
2415 490 2551 541 sunt
2583 479 2930 558 justificati:

524 562 593 621 E.
625 582 825 622 omnes
862 561 1161 622 credentes
1202 582 1403 640 pacem
1444 582 1576 623 eum
1619 564 1746 622 Deo
1787 563 2022 622 habent.
2102 562 2276 622 Unde
2317 560 2622 621 deducitur
2647 559 2934 638 posterior

522 642 915 721 syllogismus,
948 642 1162 702 Omnes
1190 642 1491 703 credentes
1517 662 1719 720 pacem
1747 662 1881 701 cum
1909 643 2038 701 Deo
2077 640 2328 718 habent3
2374 640 2590 701 Omnes
2625 639 2934 719 justificati

522 730 659 782 sunt
694 722 1033 782 credentes:
1076 722 1148 781 E.
1177 742 1379 783 omnes
1411 722 1717 801 justificati
1756 742 1958 799 pacem
1999 740 2131 781 cum
2174 720 2303 780 Deo
2343 720 2576 780 habent.
2634 720 2751 780 Vel
2789 720 2932 779 sim-

518 802 748 881 pliciter
786 802 854 861 fit
894 822 1025 861 cum
1053 801 1201 861 illud
1228 802 1387 881 quod
1410 822 1516 881 pro
1542 802 1736 861 medio
1763 802 2009 861 sumitur
2035 802 2096 860 in
2123 800 2300 878 priori
2327 800 2668 879 syllogismo
2696 800 2762 858 fit
2789 819 2931 859 con-

519 881 703 941 clusio
731 882 793 939 in
820 880 1139 959 posteriori,
1184 889 1245 941 et
1286 882 1444 959 quod
1486 882 1784 941 conclusio
1825 889 1950 940 erat
1979 881 2042 939 in
2067 880 2245 958 priori
2270 880 2338 940 fit
2365 880 2622 940 medium
2648 879 2707 938 in
2737 887 2929 957 poste-

516 961 694 1022 riori:
742 962 855 1037 Sic,
896 959 1237 1039 Quicunque
1280 981 1481 1038 pacem
1525 961 1744 1020 habent
1786 968 1922 1020 sunt
1957 960 2300 1039 justificati3
2344 958 2547 1020 fideles
2587 979 2788 1037 pacem
2824 960 2928 1021 ha-

517 1041 697 1101 bent:
740 1041 811 1100 E.
841 1040 1043 1099 fideles
1071 1049 1207 1100 sunt
1225 1040 1548 1119 justificati.
1596 1041 1642 1101 J
1644 1060 1736 1099 am
1764 1040 2112 1101 resumendo
2132 1040 2562 1099 conclusionem
2591 1058 2694 1118 pro
2715 1038 2927 1117 medic,

518 1121 858 1199 Quicunque
887 1128 1022 1180 sunt
1040 1120 1344 1199 justificati
1365 1140 1567 1198 pacem
1586 1121 1832 1199 habent3
1865 1120 2100 1180 Fideles
2121 1127 2259 1179 sunt
2272 1119 2604 1198 justificati:
2633 1119 2704 1178 E.
2721 1118 2929 1179 fideles

516 1220 719 1279 pacem
761 1200 995 1260 habent.
1074 1202 1169 1259 Ita
1216 1221 1293 1260 ex
1339 1220 1480 1279 pace
1528 1208 1806 1278 tanquam
1854 1199 2063 1261 effectu
2105 1199 2287 1278 probo
2328 1198 2820 1277 justificationem,
2869 1206 2932 1258 et

515 1280 775 1341 vicissim
817 1301 894 1340 ex
931 1280 1347 1357 justificatione
1390 1288 1458 1340 ut
1500 1300 1676 1341 causa
1718 1280 1900 1361 probo
1942 1300 2162 1358 pacem.
2220 1279 2444 1339 Verum
2467 1279 2606 1339 licet
2631 1278 2932 1339 nonnullis

514 1361 641 1419 haec
687 1360 1132 1439 argumentandi
1184 1359 1331 1421 ratio
1380 1360 1607 1421 dicatur
1656 1360 1936 1437 Circulus,
1994 1359 2202 1421 melius
2257 1367 2449 1419 tamen
2503 1358 2635 1418 aliis
2682 1365 2930 1419 vocatur

514 1442 825 1518 Reqressus
866 1440 965 1517 qui
1006 1442 1199 1501 locum
1239 1440 1416 1501 habet
1455 1440 1518 1499 in
1558 1440 1936 1501 conversione
1959 1439 2466 1500 demonstrationis
2495 1437 2568 1497 ’ὅτι
2597 1439 2658 1497 in
2687 1437 2926 1498 demon·

516 1520 851 1580 strationem
878 1516 1015 1597 ’ah-e,
1050 1528 1110 1580 et
1136 1520 1265 1581 vice
1293 1540 1479 1596 versa,
1526 1540 1660 1580 cum
1703 1540 1780 1579 ex
1823 1518 2034 1581 effectu
2075 1519 2152 1579 ad
2186 1538 2428 1580 ‚causam
2465 1518 2533 1578 fit
2558 1538 2920 1597 progressus,

514 1607 575 1659 et
600 1619 799 1659 rursus
826 1620 862 1658 a
888 1620 1063 1661 causa
1090 1599 1167 1659 ad
1193 1600 1461 1661 effectum
1484 1622 1499 1676 3
1548 1600 1752 1679 ignota
1791 1619 1968 1660 causa
2007 1620 2084 1661 ex
2119 1598 2328 1659 effectu
2355 1598 2580 1658 notiore
2607 1598 2920 1676 colligitur,

514 1686 573 1737 et
598 1688 801 1756 postea
826 1679 1207 1757 regrediendo
1236 1699 1313 1739 ex
1340 1679 1541 1739 eadem
1569 1699 1745 1740 causa
1773 1678 2044 1740 distincte
2085 1679 2320 1757 cognita
2358 1678 2513 1737 idem
2555 1677 2794 1739 effectus
2819 1678 2922 1737 de·

510 1765 879 1817 monstratur.

594 1837 704 1897 IV.
750 1836 1015 1897 Circulus
1044 1837 1115 1896 E.
1144 1837 1373 1915 proprie
1412 1832 1705 1915 loquendo
1745 1837 1942 1898 nullus
1983 1836 2154 1898 datur
2188 1837 2302 1897 nisi
2328 1837 2592 1913 vitiosus,
2637 1858 2767 1897 cum
2795 1836 2922 1897 scil.

510 1916 579 1977 fit
604 1934 946 1995 progressus
972 1916 1035 1975 in
1062 1916 1350 1977 infinitum
1378 1938 1454 1977 ex
1480 1916 1937 1995 probationibus,
1981 1926 2042 1977 et
2073 1919 2172 1978 vel
2211 1917 2364 1978 idem
2392 1937 2497 1996 per
2521 1917 2794 1995 seipsum,
2823 1917 2926 1975 vel

513 1996 754 2058 dubium
794 2017 899 2076 per
938 1997 1179 2058 dubium
1205 1996 1428 2059 ambitu
1454 1996 1707 2076 quodam
1735 1998 1794 2057 in
1823 2017 1886 2058 se
1915 1997 2038 2058 sine
2067 1997 2182 2059 fine
2208 2006 2537 2058 recurrente
2565 1997 2923 2057 demonstra-

512 2085 625 2138 tur.
690 2078 825 2138 Duo
852 2086 1047 2139 autem
1070 2078 1443 2156 requiruntur
1468 2078 1832 2157 potissimum
1861 2079 1923 2137 in
1951 2079 2199 2155 Circulo,
2228 2086 2296 2141 ut
2323 2078 2400 2138 sit
2425 2077 2682 2137 formalis
2709 2085 2768 2137 et
2794 2096 2926 2154 per-

510 2158 735 2219 fectus:
778 2159 939 2237 prius
980 2166 1086 2235 est,
1130 2167 1197 2218 ut
1238 2160 1311 2219 ab
1352 2162 1544 2219 eodem
1586 2160 1647 2219 in
1691 2160 1838 2219 idem
1917 2168 1982 2219 at
2001 2181 2027 2225 ,·
2067 2159 2314 2220 alterum
2341 2166 2406 2218 ut
2432 2178 2535 2236 per
2561 2160 2797 2218 eandem
2805 2158 2926 2237 fiat

508 2238 659 2298 viam
701 2239 971 2316 idemque
1014 2258 1205 2298 causas
1248 2258 1451 2315 genus,
1500 2246 1730 2299 servato
1775 2259 1806 2298 e
1887 2258 1978 2298 em
2023 2240 2245 2299 notitiae
2288 2258 2517 2317 genere,
2565 2258 2670 2298 seu
2711 2246 2778 2298 ut
2820 2236 2924 2296 alii

508 2317 843 2395 loquuntur,
886 2318 1051 2376 nulla
1074 2336 1230 2375 nova
1257 2317 1587 2393 cognitione
1615 2318 1990 2376 terminorum
2025 2327 2370 2396 comparata.
2416 2318 2574 2376 Hinc
2601 2319 2921 2392 Tannerus,

511 2398 680 2473 Disp.
708 2397 783 2454 de
808 2396 941 2470 fide,
972 2414 1074 2471 spe
1102 2402 1162 2453 et
1188 2395 1483 2469 charitate,
1515 2402 1576 2453 et
1596 2395 1908 2453 Gretserus
1934 2396 1995 2453 in
2022 2404 2189 2455 tract.
2213 2397 2286 2454 de
2313 2398 2702 2472 agnoscendis
2727 2397 2922 2474 Scrip-

510 2475 674 2549 turis‚
705 2494 755 2533 c.
790 2476 882 2547 14,
930 2475 967 2506 “
990 2472 1306 2547 Circulus,”
1332 2472 1617 2547 inquiunt,
1669 2474 1704 2505 “
1725 2480 1816 2531 est
1849 2491 2192 2550 progressus
2219 2474 2293 2531 ab
2321 2474 2524 2532 eodem
2566 2476 2644 2533 ad
2683 2496 2924 2555 prorsus

507 2554 679 2629 idem,
722 2552 884 2611 nulla
922 2551 1153 2611 interim
1192 2550 1566 2611 terminorum
1592 2549 1931 2628 variatione,
1960 2551 2155 2627 quoad
2181 2552 2402 2611 notities
2429 2552 2711 2611 rationem
2740 2555 2923 2613 inter-

507 2632 837 2707 veniente,’'
881 2632 1039 2710 quod
1078 2640 1205 2692 tum
1244 2630 1471 2707 accidit,
1518 2629 1751 2709 quando
1793 2648 2154 2709 consequens
2181 2650 2258 2691 ex
2285 2630 2660 2691 antecedente
2687 2633 2920 2692 illatum

506 2714 669 2773 nulla
694 2712 811 2773 alia
836 2720 1219 2791 praeterquam
1246 2711 1640 2771 antecedentis
1665 2709 1873 2773 notitia
1897 2710 2107 2773 fultum
2133 2719 2193 2772 et
2213 2711 2534 2791 probatum,
2565 2730 2706 2771 mox
2724 2711 2802 2772 ad
2828 2713 2926 2773 sui

508 2793 903 2854 antecedentis
942 2794 1339 2873 probationem
1380 2792 1710 2865 assumitur,
1739 2812 1796 2851 v.
1821 2812 1880 2871 g.
1915 2800 1984 2853 ut
2011 2790 2348 2853 Aristotelis
2373 2792 2642 2871 exemplo
2669 2800 2920 2871 utamur,

512 2874 777 2935 circulus
813 2874 925 2934 erit
960 2874 1011 2934 si
1048 2894 1125 2934 ex
1152 2872 1213 2933 A
1240 2872 1702 2933 demonstremus
1735 2872 1806 2949 B,
1850 2881 1911 2933 et
1935 2892 2136 2934 rursus
2161 2893 2239 2933 ex
2267 2873 2320 2931 B
2347 2872 2810 2933 demonstremus
2837 2872 2916 2951 A,

510 2962 570 3016 et
596 2963 838 3034 utraque
866 2954 943 3015 sit
967 2954 1269 3034 potissima
1293 2952 1724 3030 demonstratio,
1768 2972 1899 3032 quse
1925 2974 2029 3033 per
2054 2973 2286 3014 causam
2313 2954 2638 3033 proximam
2667 2953 2922 3014 declaret

508 3044 744 3115 propter
777 3035 921 3113 quid
961 3034 1199 3095 effectus
1244 3032 1337 3095 sit.
1423 3034 1750 3111 Regressus
1793 3054 1934 3095 vero
1973 3041 2065 3095 est
2097 3034 2250 3095 inter
2283 3054 2518 3095 causam
2554 3042 2614 3093 et
2649 3033 2918 3094 effectum

507 3115 741 3193 quando
769 3114 1212 3191 reciprocantur,
1256 3122 1315 3173 et
1328 3134 1341 3154 1
1354 3113 1595 3174 effectus
1627 3114 1798 3173 nobis
1824 3122 1914 3174 est
1940 3114 2132 3174 notior
2157 3134 2331 3193 quam
2359 3134 2550 3190 causa,
2594 3133 2728 3174 cum
2763 3114 2919 3173 enim

506 3213 734 3271 semper
760 3214 797 3251 a
820 3193 1144 3253 notioribus
1170 3193 1340 3252 nobis
1366 3193 1972 3272 progrediendum-sit,
2003 3194 2164 3273 prius
2190 3214 2267 3254 ex
2293 3194 2504 3254 effectu
2519 3202 2659 3253 noto
2681 3212 2916 3255 causam

506 3274 766 3351 ignotam
791 3272 1271 3348 demonstramus,
1318 3272 1529 3333 deinde
1566 3293 1742 3335 causa
1781 3274 2017 3352 cognita
2055 3275 2132 3333 ab
2169 3295 2242 3335 ea
2279 3274 2356 3334 ad
2383 3272 2652 3334 effectum
2678 3273 2916 3334 demon-

506 3350 808 3411 strandum
834 3350 1208 3428 regredimur,
1238 3358 1305 3410 ut
1330 3351 1582 3412 sciamus
1608 3360 1843 3432 propter
1867 3353 2010 3430 quid
2037 3362 2144 3414 est.
2220 3353 2392 3415 Unde
2427 3362 2588 3433 patet
2623 3353 2776 3413 inter
2803 3354 2914 3413 cir·

506 3431 702 3491 culum
730 3436 790 3490 et
808 3448 1134 3508 regressum
1162 3430 1273 3490 hoc
1298 3430 1595 3507 interesse,
1625 3430 1784 3509 quod
1809 3433 1872 3491 in
1899 3452 2168 3511 regressu
2193 3434 2352 3512 prior
2377 3453 2683 3512 processus
2711 3434 2788 3494 sit
2813 3434 2913 3492 de-

507 3510 847 3572 monstratio
874 3513 1041 3588 quod,
1071 3510 1355 3589 posterior
1385 3530 1527 3570 vero
1558 3510 1972 3572 demonstratio
1989 3523 2236 3591 propter
2261 3515 2403 3592 'quid
2412 3538 2438 3588 ,·
2480 3513 2568 3573 At
2593 3515 2652 3573 in
2683 3513 2914 3575 Circulo

504 3601 747 3671 uterque
772 3610 1077 3670 processus
1103 3600 1193 3652 est
1219 3590 1633 3652 demonstratio
1655 3602 1896 3670 propter
1921 3593 2074 3671 quid.

583 3674 662 3733 V.
706 3672 970 3733 Circulus
996 3679 1191 3732 autem
1216 3671 1351 3732 talis
1378 3672 1870 3733 consentientibus
1901 3672 2270 3751 Philosophia
2297 3672 2526 3733 admitti
2551 3692 2672 3732 non
2697 3680 2907 3752 potest,

502 3753 641 3832 quia
668 3758 1003 3831 sequeretur
1046 3751 1203 3813 idem
1246 3770 1373 3813 esse
1416 3772 1481 3813 se
1524 3752 1656 3832 ipso
1697 3753 1859 3832 prius
1902 3762 1966 3814 >et
1991 3754 2294 3833 posterius,
2323 3753 2520 3814 notius
2547 3762 2608 3813 et
2632 3752 2909 3832 ignotius,

503 3853 738 3895 causam
765 3839 826 3893 et
850 3830 1135 3909 effectum,
1166 3832 1325 3911 quod
1350 3852 1425 3893 ne
1450 3832 1826 3913 imaginando
1845 3834 2080 3912 quidem
2095 3834 2240 3912 fingi
2265 3841 2474 3912 potest,
2505 3853 2582 3893 ex
2609 3853 2726 3912 quo
2753 3831 2910 3893 enim

505 3913 819 3975 assumitur
844 3912 921 3972 ad
943 3912 1341 3991 probationem
1369 3913 1625 3989 alterius,
1642 3914 1804 3992 prius
1821 3914 1996 3975 debet
2009 3932 2138 3975 esse
2165 3923 2226 3974 et
2251 3914 2462 3990 notius,
2491 3922 2726 3993 propter
2751 3913 2912 3990 quod

504 3994 659 4055 enim
684 4013 865 4053 unum
891 3992 1163 4070 quodque
1189 3993 1323 4071 tale,
1348 4000 1408 4054 et
1422 3994 1568 4054 illud
1588 3994 1778 4072 magis
1797 3994 1915 4054 tale
1936 3995 2110 4057 debet
2129 4013 2256 4055 esse
2277 4016 2294 4072 3
2337 4013 2408 4053 eo
2429 3994 2556 4073 ipso
2583 4013 2723 4053 vero
2752 3992 2911 4071 quod

504 4095 581 4135 ex
608 4075 791 4136 altero
817 4073 1095 4151 probatur
1122 4081 1182 4133 et
1214 4072 1658 4151 demonstratur,
1707 4074 1996 4153 posterius
2037 4083 2098 4135 et
2137 4074 2394 4155 ignotius
2421 4094 2492 4135 eo
2519 4094 2646 4135 esse
2671 4092 2910 4133 necesse

504 4164 611 4215 est.
696 4154 873 4214 Dices
899 4153 1056 4214 idem
1082 4152 1259 4232 objici
1284 4172 1455 4232 posse
1470 4154 1780 4233 regressui,
1809 4154 1931 4213 fore
1949 4155 2073 4215 scil.
2102 4154 2257 4215 idem
2305 4154 2500 4215 notius
2527 4163 2587 4214 et
2611 4153 2870 4232 ignotius
2891 4175 2908 4229 ;

502 4254 613 4293 nec
640 4234 855 4295 salvari
879 4242 1072 4314 potest
1097 4233 1375 4295 instantia
1410 4234 1463 4294 si
1498 4234 1676 4310 dicas,
1725 4234 1973 4295 Causam
2009 4235 2294 4295 notiorem
2319 4234 2442 4295 fore
2467 4234 2676 4295 effectu
2703 4252 2907 4293 secun-

502 4315 640 4373 dum
684 4322 966 4393 naturam,
998 4314 1287 4375 Effectum
1312 4334 1453 4375 vero
1480 4316 1764 4375 notiorem
1791 4334 1964 4376 causa
2011 4314 2330 4376 secundum
2383 4334 2507 4390 nos,
2553 4314 2704 4374 Nam
2751 4321 2906 4373 utra-

502 4412 615 4469 que
644 4392 1057 4455 demonstratio
1082 4397 1151 4455 fit
1176 4403 1411 4475 propter
1454 4398 1585 4472 nos,
1627 4414 1748 4456 non
1788 4404 2024 4476 propter
2061 4403 2344 4472 naturam,
2390 4394 2637 4473 ideoque
2663 4401 2907 4471 utraque

498 4470 807 4550 procedere
834 4473 1009 4535 debet
1034 4496 1070 4535 a
1094 4476 1417 4537 notioribus
1446 4476 1763 4537 secundum
1805 4496 1932 4537 nos.
2017 4476 2214 4555 Resp.‚
2245 4476 2416 4536 aliam
2444 4494 2572 4535 esse
2599 4473 2906 4550 utrobique

498 4551 796 4627 rationem,
826 4570 960 4610 nam
988 4574 1177 4633 neque
1206 4565 1298 4616 est
1322 4556 1527 4617 eadem
1552 4556 1653 4615 via
1697 4576 1807 4617 nec
1855 4558 2056 4618 eadem
2095 4556 2370 4635 cognitio,
2400 4554 2614 4634 quippe
2639 4552 2702 4612 in
2728 4552 2906 4632 priori

494 4649 807 4711 progressu
836 4632 886 4690 si
915 4651 1089 4692 causa
1116 4654 1191 4693 ex
1236 4634 1445 4697 effectu
1492 4634 1790 4713 colligitur
1831 4636 2070 4697 effectus
2114 4636 2304 4697 notior
2339 4643 2427 4695 est
2455 4633 2772 4695 seeundum
2798 4650 2906 4691 nos
