3234 5192
508 326 586 383 64
1292 346 1369 386 ns
1398 343 1763 387 nscessAmA
1795 343 2144 385 sacasslons
2289 315 2299 325 ⁵
2560 314 2821 399 [Drsrur.
2855 338 2944 378 111.

512 484 574 544 in
602 486 859 545 omnium
886 486 1063 546 ferme
1091 487 1554 547 adversariorum
1594 507 1693 546 ore
1733 495 2014 561 versatur,
2073 492 2133 544 et
2185 500 2378 561 quam,
2433 480 2575 539 licet
2627 479 2856 538 abunde
2905 500 2940 538 a

510 567 723 625 nostris
765 588 1105 645 responsum
1148 569 1239 643 sit,
1285 568 1531 628 subinde
1558 576 1754 627 tamen
1781 586 2044 645 regerere
2074 584 2192 624 non
2218 563 2507 635 desinunt,
2537 561 2704 637 quasi
2733 558 2937 618 Achil-

508 646 665 705 leum
686 647 923 725 aliquod
952 657 1010 707 et
1057 649 1341 709 invictum
1368 658 1790 727 argumentum.
1877 648 2096 706 Verum
2150 643 2380 703 vanitas
2429 642 2597 701 istius
2651 640 2938 699 ratiocinii

509 726 678 787 facile
708 728 1186 805 deprehendetur,
1220 730 1268 787 si
1298 730 1597 807 sequentia
1626 728 1996 788 attendimus.
2085 729 2138 784 1.
2183 724 2312 783 Non
2363 740 2646 799 negamus
2673 719 2934 779 fraterni-

508 815 685 868 tatem
715 828 832 867 non
862 809 1040 868 semel
1068 830 1103 867 a
1130 810 1344 868 nostris
1373 809 1624 868 oblatam
1664 828 1792 868 esse
1851 805 2329 880 protestantibus,
2378 820 2526 880 quos
2575 800 2939 859 Lutheranos

509 898 737 963 vocant,
770 889 907 965 quia
932 889 1069 948 lieet
1111 910 1330 948 errores
1358 889 1640 967 quosdam
1668 887 1917 962 foveant,
1957 888 2104 947 tales
2141 895 2334 946 tamen
2362 902 2462 941 eos
2489 900 2606 940 non
2634 880 2938 957 credimus,

510 969 612 1047 qui
655 968 1091 1027 fundamentum
1122 969 1308 1046 ipsum
1335 970 1471 1028 fidei
1500 978 1558 1028 et
1586 969 1788 1027 salutis
1833 976 2110 1043 evertant,
2141 967 2203 1024 in
2229 964 2442 1042 quibus
2482 960 2722 1040 proinde
2749 960 2935 1019 feren-

510 1048 602 1106 dis
630 1047 951 1107 tolerantiae
982 1046 1324 1107 Christianae
1352 1058 1411 1108 et
1438 1050 1704 1108 fraternae
1726 1049 1990 1108 charitati
2017 1048 2181 1106 locus
2199 1064 2326 1105 esse
2353 1051 2544 1121 potest
2571 1049 2630 1100 et
2657 1040 2832 1100 debet
2859 1060 2935 1100 ex
2961 1104 2966 1108 ,

509 1128 847 1206 praescripto
878 1128 1065 1203 Pauli,
1101 1129 1313 1207 Philip.
1342 1130 1423 1189 iii.
1460 1133 1553 1205 15,
1600 1130 1769 1189 Rom.
1801 1129 1921 1187 xiv.
1958 1132 2009 1187 1.
2055 1128 2225 1187 Certe
2273 1125 2322 1183 si
2351 1123 2672 1201 symbolica
2719 1121 2934 1198 scripta

510 1216 571 1267 et
598 1207 987 1267 confessiones
1016 1209 1277 1286 publicas
1306 1211 1576 1288 utrinque
1622 1209 2010 1287 respiciamuS,
2043 1228 2119 1267 ex
2172 1206 2384 1284 quibus
2439 1203 2511 1261 de
2541 1201 2930 1261 Ecclesiarum

510 1288 797 1347 sententia
823 1289 932 1349 rite
953 1289 1205 1367 judicari
1233 1300 1440 1367 potest,
1470 1290 1602 1370 (nec
1633 1291 1784 1349 enim
1813 1290 2169 1367 privatorum
2217 1286 2520 1346 doctorum
2547 1282 2844 1360 opiniones
2873 1291 2932 1339 et

506 1394 680 1450 nvem
709 1366 870 1445 δοξας,
905 1370 953 1429 si
983 1390 1111 1448 quae
1142 1380 1291 1445 sunt,
1324 1369 1702 1451 attendimus)
1734 1370 1955 1448 patebit
2001 1369 2170 1428 facile
2217 1367 2498 1425 hactenus
2525 1383 2627 1441 per
2659 1362 2771 1421 Dei
2799 1382 2926 1439 gra-

507 1450 648 1508 tiam
676 1451 735 1508 in
764 1451 1292 1510 fundamentalibus
1322 1452 1606 1529 capitibus
1649 1470 1994 1509 consensum
2023 1448 2322 1521 mansisse,
2352 1445 2678 1504 dissensum
2705 1450 2929 1500 tantum

512 1530 571 1587 in
600 1530 945 1607 quibusdam
972 1531 1289 1588 levioribus
1318 1540 1375 1590 et
1431 1530 1670 1589 minoris
1717 1531 1994 1589 momenti
2043 1549 2186 1605 esse,
2247 1547 2377 1605 quae
2427 1524 2588 1583 salva
2635 1522 2931 1582 charitatis

512 1630 789 1688 compage
820 1611 1051 1669 tolerari
1105 1620 1362 1687 possunt.
1447 1615 1503 1668 2.
1550 1612 1846 1687 Negamus
1889 1611 2130 1669 eandem
2161 1628 2286 1667 esse
2338 1602 2599 1665 Pontific.
2629 1602 2926 1674 rationem,

511 1709 647 1747 nam
674 1698 738 1747 ut
768 1699 1007 1748 caeteros
1054 1710 1273 1748 errores
1303 1691 1682 1767 gravissimos
1724 1700 1784 1750 et
1837 1690 2129 1768 capitaleS,
2188 1708 2334 1765 quos
2361 1692 2568 1757 errant,
2599 1682 2670 1741 de
2719 1681 2931 1759 quibus

514 1778 707 1827 actum
735 1769 1121 1846 disputatione
1149 1771 1351 1847 prima,
1399 1771 1712 1845 mittamus,
1758 1779 1816 1830 et
1864 1771 1964 1848 qui
2001 1771 2400 1829 necessitatem
2431 1762 2734 1824 secedendi
2761 1762 2930 1820 nobis

515 1848 924 1925 imposuerunt,
957 1870 991 1906 a
1020 1850 1230 1926 quibus
1275 1850 1583 1909 abhorrent
1625 1852 1956 1927 Lutherani,
1987 1851 2088 1928 qui
2137 1850 2200 1909 in
2228 1845 2702 1907 Protestantismo
2731 1851 2932 1901 contra

514 1928 849 2007 Papismum
878 1930 1179 1988 nobiscum
1234 1931 1602 2004 conveniunt,
1649 1940 1868 1991 certum
1898 1939 1986 1990 est
2010 1931 2253 2008 longum
2296 1929 2592 2003 latumque
2620 1924 2929 1983 discrimen

512 2009 867 2069 intercedere
896 2010 1048 2069 inter
1096 2012 1439 2070 sententiam
1470 2012 1930 2071 Lutheranorum
1957 2012 2110 2070 circa
2138 2014 2572 2080 sacramentum,
2603 2024 2778 2082 quam
2796 2002 2930 2062 ferri

471 2136 485 2144 .,
512 2110 682 2167 posse
724 2090 985 2165 dicimuS,
1032 2099 1090 2149 et
1141 2091 1573 2156 Pontificiorum
1631 2112 1850 2151 errores
1907 2092 2030 2151 sive
2081 2094 2398 2150 theoreticos
2453 2086 2577 2145 sive
2621 2084 2926 2163 practico-³,

511 2190 659 2247 quos
686 2170 890 2229 merito
920 2170 1274 2229 damnamus.
1360 2171 1572 2248 Prim0,
1604 2173 1716 2231 etsi
1765 2180 2021 2231 statuant
2057 2170 2420 2249 praesentiam
2447 2167 2700 2243 aliquam
2727 2184 2926 2242 corpo-

511 2250 594 2308 ris
624 2250 837 2309 Christi
866 2251 924 2309 in
954 2270 1135 2324 coena,
1166 2251 1469 2310 nobiscum
1496 2261 1692 2311 tamen
1731 2261 1950 2329 negant
1991 2254 2334 2325 constanter,
2366 2257 2425 2308 et
2453 2245 2676 2306 fortiter
2702 2246 2926 2323 impug-

510 2339 653 2390 nant
682 2340 881 2390 contra
938 2330 1272 2389 Pontificios
1316 2333 1944 2391 transubstantiationis
1986 2340 2322 2406 monstrum,
2356 2327 2700 2404 sacrilegum
2729 2325 2928 2384 Missae

512 2410 874 2485 sacrificium,
905 2410 1213 2469 absurdam
1242 2412 1493 2470 solarum
1523 2413 1857 2490 specierum,
1889 2412 2183 2471 destructa
2208 2411 2374 2489 panis
2405 2406 2742 2482 substantia,
2781 2426 2928 2483 prae-

510 2491 771 2565 sentiam,
806 2492 1264 2549 communionem
1307 2493 1571 2551 mutilam
1615 2493 1724 2551 sub
1753 2514 1870 2551 una
1925 2493 2133 2571 spe-cie,
2191 2490 2530 2551 theatralem
2585 2485 2928 2545 sacramenti

512 2570 1127 2647 circumgestationem,
1160 2572 1628 2649 asservationem,
1685 2573 2113 2650 repositionem,
2171 2580 2230 2632 et
2277 2572 2391 2630 alia
2443 2570 2742 2628 innumera
2796 2586 2925 2643 quae

506 2650 830 2710 adversarii
859 2660 1197 2729 congerunt.
1313 2652 1596 2728 SecundO,
1631 2654 1768 2711 licet
1808 2654 2174 2731 praesentiam
2203 2652 2454 2729 aliquam
2485 2648 2698 2708 Christi
2725 2666 2922 2705 neces-

510 2731 720 2789 sariam
748 2732 948 2807 vclint,
982 2732 1187 2791 nolunt
1214 2740 1407 2792 tamen
1435 2733 1559 2793 fieri
1586 2754 1690 2812 per
1713 2752 1974 2809 μιτουσιαιν
2001 2743 2059 2794 et
2087 2754 2162 2793 ex
2189 2733 2251 2791 vi
2275 2732 2581 2792 verborum
2603 2746 2922 2787 sacramen-

509 2811 729 2887 talium,
760 2821 826 2871 ut
856 2812 1161 2889 Pontificii,
1194 2822 1253 2872 et
1280 2814 1408 2891 ejus
1436 2815 1672 2873 modum
1701 2820 1896 2896 ιρῥητον
1945 2824 2003 2874 et
2049 2812 2518 2891 inexplicabilem
2564 2809 2832 2881 fatentur,
2865 2816 2924 2866 et

510 2912 689 2971 quum
716 2894 798 2953 ita
826 2914 887 2953 se
916 2894 1225 2971 explicant,
1256 2903 1322 2954 ut
1350 2894 1517 2954 facile
1546 2906 1741 2973 pateat
1769 2918 1868 2955 eos
1895 2896 2182 2974 puriorem
2220 2894 2432 2953 habere
2473 2898 2724 2949 mentem
2749 2907 2923 2964 quam

508 2972 806 3050 linguam3
851 2975 1213 3052 praesentiam
1242 2976 1453 3054 quippe
1492 2977 1670 3036 talem
1697 2977 1962 3052 innuunt,
1993 2996 2123 3053 quaa
2155 2977 2191 3008 “
2211 2993 2329 3033 non
2375 2973 2450 3032 sit
2477 2991 2580 3049 per
2607 2978 2665 3028 et
2692 2976 2925 3046 propter

508 3054 800 3129 quandam
828 3055 1091 3114 assentire
1135 3056 1401 3115 humanae
1440 3057 1902 3133 immensitatem,
1961 3056 2064 3116 sed
2118 3062 2350 3134 propter
2401 3050 2764 3131 purissimam
2794 3068 2926 3107 cum

508 3144 656 3208 Λογρ
682 3133 1012 3209 unionem,”
1042 3143 1109 3193 ut
1135 3136 1391 3211 loquitur
1424 3138 1726 3197 Gerar-dua
1767 3141 1868 3197 loc.
1899 3158 2037 3195 com.
2067 3138 2138 3195 de
2163 3136 2368 3194 Attrib.
2397 3134 2508 3191 div.
2537 3140 2663 3190 sect.
2700 3132 2832 3205 182,
2863 3137 2922 3189 et

510 3210 721 3269 diserte
750 3212 1090 3287 profitentur
1118 3232 1179 3270 se
1206 3215 1383 3272 talem
1411 3217 1644 3274 credere
1685 3217 2067 3293 praesentiam,
2111 3235 2242 3292 quae
2269 3234 2388 3272 non
2428 3212 2688 3270 destruat
2727 3218 2922 3269 tamen

508 3290 845 3347 essentiales
883 3298 1103 3347 naturae
1156 3291 1422 3350 humanae
1476 3296 1872 3370 proprietates,
1907 3295 2156 3368 Confess.
2219 3294 2454 3353 orthod.
2485 3308 2608 3365 cap.
2640 3290 2715 3360 6.,
2745 3288 2924 3346 talem

507 3387 638 3444 quae
666 3388 875 3444 panem
904 3369 963 3427 in
992 3388 1118 3428 esse
1148 3388 1254 3428 suo
1282 3372 1523 3447 physico
1550 3373 1842 3447 integrum
1870 3373 2111 3449 linquat,
2143 3392 2248 3429 nec
2278 3370 2456 3429 ullam
2485 3365 2920 3426 conversionem

510 3446 733 3522 inferat,
766 3467 895 3525 quae
924 3448 1185 3509 doctrina
1212 3460 1301 3509 est
1330 3450 1956 3529 Pontificiorum,⁰quae
1984 3450 2312 3527 congeriem
2340 3446 2760 3507 absurditatum
2788 3468 2918 3525 gra-

510 3527 880 3587 vissimarum
906 3538 1039 3607 post
1068 3549 1129 3587 se
1158 3530 1350 3589 trahit.

592 3608 854 3668 XXIII.
902 3608 1017 3667 Sed
1044 3610 1201 3687 quod
1230 3620 1403 3689 caput
1442 3612 1525 3671 rei
1554 3620 1660 3689 est,
1711 3612 1865 3692 apud
1897 3610 2230 3672 Pontificios
2272 3630 2388 3670 non
2415 3615 2640 3670 tantum
2667 3616 2802 3667 sunt
2829 3628 2917 3667 er-

508 3710 667 3749 rores
694 3690 862 3749 multi
891 3691 1173 3749 theoretici
1223 3712 1431 3769 graves
1473 3701 1531 3752 et
1572 3692 1919 3754 intolerandi
1967 3694 2120 3752 circa
2161 3700 2596 3765 sacramentum,
2641 3689 2745 3749 sed
2771 3708 2915 3766 prae-

508 3771 674 3848 cipue
694 3771 955 3847 practici,
987 3771 1125 3848 quia
1152 3773 1581 3833 venerationem
1608 3784 1668 3835 et
1697 3776 1916 3834 cultum
1945 3774 2284 3833 sacramenti
2322 3771 2490 3833 nobis
2517 3769 2914 3849 praescribunt,

508 3861 567 3911 et
596 3852 704 3910 sub
732 3872 903 3929 poena
931 3851 1212 3926 sanciunt,
1238 3873 1410 3930 quem
1426 3862 1619 3913 tamen
1649 3855 2074 3916 idololatricam
2095 3874 2220 3913 esse
2251 3853 2554 3913 credimus.
2585 3850 2672 3910 At
2701 3849 2916 3909 Luthe-

506 3932 651 4009 rani,
680 3952 1027 4009 quocunque
1055 3932 1289 3991 tandem
1316 3933 1488 3992 modo
1536 3945 1729 3995 errent
1784 3936 1938 3995 circa
1965 3944 2400 4009 sacramentum,
2451 3940 2643 3992 errant
2689 3936 2913 3989 tantum

504 4012 835 4087 theoretice,
858 4032 977 4072 non
1002 4012 1271 4091 practice,
1303 4014 1447 4071 nihil
1484 4016 1638 4073 enim
1667 4024 1756 4075 est
1795 4016 1856 4074 in
1885 4035 2082 4075 eorum
2121 4016 2290 4094 praxi
2331 4022 2390 4073 et
2417 4014 2594 4088 cultu,
2625 4010 2784 4088 quod
2809 4028 2918 4069 nos

504 4092 580 4150 ad
606 4092 991 4153 idololatriam
1020 4093 1295 4171 impellat.
1358 4094 1523 4154 Licet
1564 4096 1718 4154 enim
1774 4096 2066 4155 Christum
2107 4104 2448 4173 praesentem
2491 4112 2616 4153 esse
2645 4090 2828 4150 velint
2855 4089 2916 4147 in

502 4184 877 4249 sacramento,
906 4182 1101 4233 tamen
1128 4172 1523 4233 adorationem
1552 4176 1894 4235 sacramenti
1921 4196 2028 4234 nec
2058 4176 2167 4253 ipsi
2186 4174 2483 4250 inducunt,
2514 4193 2622 4231 nec
2649 4170 2780 4231 aliis
2807 4170 2914 4227 im-

502 4260 761 4328 ponunt3
805 4254 935 4313 ideo
962 4254 1125 4313 nulla
1149 4263 1341 4331 potest
1380 4255 1497 4313 illis
1538 4255 1739 4333 affingi
1778 4255 2136 4331 idololatriae,
2169 4275 2343 4333 quam
2385 4274 2584 4313 severe
2621 4253 2915 4327 damnant,

504 4330 771 4421 suspicio,
802 4352 907 4391 nec
934 4335 1245 4411 quicquam
1273 4336 1481 4411 obstat,
1512 4338 1838 4413 quominus,
1861 4336 2023 4395 salva
2039 4336 2410 4410 conscientia,
2429 4333 2524 4393 vel
2553 4332 2640 4391 illi
2667 4331 2729 4389 in
2755 4350 2910 4389 com-

502 4426 833 4467 munionem
860 4422 1114 4472 nostram
1142 4415 1335 4493 recipi,
1366 4416 1463 4475 vel
1489 4437 1597 4476 nos
1643 4436 1773 4475 cum
1803 4416 1935 4492 illis,
1968 4416 2018 4475 si
2065 4416 2268 4476 eodem
2297 4414 2468 4475 modo
2497 4414 2613 4472 sint
2641 4431 2781 4489 erga
2807 4430 2915 4470 nos

504 4486 741 4545 animati
778 4508 895 4565 quo
934 4510 1041 4550 nos
1082 4512 1221 4569 erga
1262 4496 1433 4575 ipsos,
1478 4498 1939 4557 communionem
1981 4496 2168 4556 colere
2209 4513 2526 4573 possemus,
2570 4492 2728 4570 quod
2781 4510 2914 4551 cum

508 4565 827 4627 Pontificiis
852 4568 976 4627 fieri
1010 4572 1227 4646 nequit.

500 4722 507 4729 .
586 4644 835 4709 XXIV.
904 4648 1105 4726 Neque
1159 4651 1255 4710 hic
1310 4654 1583 4714 audiendi
1639 4665 1778 4717 sunt
1836 4656 2170 4733 adversarii,
2219 4672 2398 4732 quum
2457 4660 2759 4730 reponunt,
2803 4652 2914 4722 etsi
