3234 5192
343 348 584 392 meru-r.
612 328 773 410 xxm]
941 344 1021 387 nr.
1049 342 1538 387 sArisrAcrroms
1564 342 1810 386 cnnxsrr
1837 346 2156 389 murus.
2632 332 2750 390 446

343 492 514 552 nobis
542 491 715 550 etiam
758 496 1168 569 exposuerunt,
1214 486 1353 547 Act.
1382 506 1485 545 xx.
1515 490 1611 563 27,
1643 494 1704 546 et
1747 488 1911 547 xxvi.
1941 491 2039 565 22,
2083 487 2202 546 imo
2239 494 2298 547 et
2340 495 2600 567 pastores
2645 486 2760 567 ipsi

342 574 455 632 hoe
496 571 687 648 elogio
728 568 995 647 insigniri
1035 575 1273 646 possent
1316 586 1434 625 non
1476 566 1778 644 immerito,
1825 568 1984 645 quod
2031 577 2224 627 tamen
2267 568 2386 627 illis
2427 574 2762 628 constanter

344 652 598 729 denegat
629 650 941 727 Scriptura,
972 666 1081 709 nec
1106 655 1300 725 potest
1324 647 1399 707 iis
1426 666 1541 705 non
1560 648 1736 707 modo
1765 647 1890 706 sine
1919 647 2104 707 abusu
2133 647 2236 707 sed
2265 656 2324 707 et
2351 648 2475 707 sine
2501 648 2762 727 periculo

344 732 523 791 tribui
547 752 563 791 ι
604 730 763 789 solus
790 729 1005 806 quippe
1032 726 1299 789 Christus
1324 734 1393 787 ut
1418 729 1615 803 quoad
1629 746 1940 805 personam
1963 730 2275 808 θυιοςόπου
2303 748 2440 787 vere
2459 730 2604 805 μίσος
2631 728 2758 804 fuit,

346 812 575 889 utrique
604 818 882 884 extreme,
916 808 1074 866 Patri
1095 806 1331 885 quidem
1360 806 1590 883 deitate,
1623 806 1792 867 nobis
1820 826 1959 866 vero
1987 809 2362 884 humanitate,
2393 810 2628 885 ὃμουσίυς
2659 808 2762 867 ad-

345 892 588 967 haerens,
618 890 808 967 potuit
834 890 1029 965 quoad
1050 888 1289 961 officium
1316 894 1624 963 utrumque
1653 896 1976 947 extremum
2005 888 2156 946 inter
2182 907 2244 947 se
2273 906 2432 947 nexu
2453 888 2762 947 indissolu-

346 971 451 1030 bili
478 988 621 1049 pace
647 988 751 1049 per
778 968 1120 1047 sanguinem
1148 968 1301 1026 facta
1327 967 1676 1026 consociare.

434 1050 687 1111 XVIII.
708 1052 767 1108 3.
790 1049 997 1126 Neque
1024 1046 1201 1107 ullius
1229 1054 1320 1105 est
1336 1046 1605 1123 ponderis
1627 1066 1758 1124 quse
1780 1046 1952 1105 tertio
1980 1047 2108 1107 loeo
2137 1045 2372 1107 affertur
2399 1046 2563 1125 ratio,
2595 1047 2764 1107 nimi-

349 1148 477 1189 rum
525 1131 714 1189 Deum
756 1148 825 1187 eo
864 1128 992 1207 ipso
1032 1146 1149 1204 quo
1180 1126 1563 1185 Mediatorem
1596 1126 1890 1185 Christum
1933 1127 2233 1187 constituit
2271 1126 2345 1185 ad
2392 1127 2766 1187 sanciendum

351 1210 653 1270 nobiscum
681 1207 871 1268 foedus
890 1210 1017 1285 jam
1038 1206 1497 1299 placatissimum
1525 1206 1722 1281 fuisse,
1752 1206 2015 1284 nihilque
2043 1214 2348 1285 propterea
2375 1207 2768 1267 satisfactione

354 1308 501 1367 opus
526 1288 818 1362 habuisse,
861 1294 927 1345 ut
965 1286 1257 1363 principes
1284 1286 1676 1345 internuncios
1705 1304 1842 1345 suos
1867 1304 1986 1345 non
2012 1287 2252 1346 mittunt
2278 1286 2356 1345 ad
2380 1288 2627 1347 rebelles
2655 1287 2770 1347 nisi

354 1369 515 1446 prius
554 1386 785 1427 omnem
824 1366 1197 1426 rebellionem
1239 1364 1356 1423 illis
1396 1364 1890 1425 condonaverint:
1933 1366 2084 1425 Nam
2124 1366 2283 1425 aliud
2319 1374 2410 1427 est
2437 1369 2625 1426 Deum
2652 1386 2768 1426 esse

355 1448 773 1507 mismcordem
798 1454 855 1505 et
866 1446 1223 1523 placabilem,
1254 1443 1415 1504 aliud
1454 1462 1597 1503 vero
1627 1447 1944 1523 propitium
1983 1446 2108 1523 jam
2135 1453 2196 1505 et
2221 1446 2412 1525 reipsa
2428 1450 2724 1523 placatum
2745 1471 2770 1520 ,-

354 1527 547 1607 potuit
571 1526 805 1605 quidem
830 1526 991 1585 Deus
1024 1525 1407 1585 Mediatorem
1446 1524 1770 1587 ordinando
1797 1525 1873 1584 ad
1901 1526 2090 1587 foedus
2119 1526 2492 1586 sanciendum
2519 1526 2768 1605 priorem

356 1609 527 1685 enim
550 1607 805 1682 induere,
836 1606 974 1684 quia
1012 1606 1139 1664 haec
1179 1604 1307 1683 ipsa
1334 1604 1677 1665 Mediatoris
1705 1605 1906 1665 missio
1933 1606 2042 1666 fuit
2067 1606 2246 1665 animi
2285 1606 2556 1666 benevoli
2596 1614 2655 1665 et
2695 1605 2771 1664 ad

356 1687 807 1748 misericordiam
834 1686 1002 1766 proni
1030 1684 1285 1762 effecms,
1330 1686 1435 1745 sed
1474 1686 1736 1765 placatus
1776 1706 1894 1744 non
1933 1694 2126 1765 potest
2166 1686 2279 1746 dici
2307 1686 2422 1745 nisi
2457 1686 2772 1765 peripsam

358 1768 827 1841 satisfactionem,
858 1766 1091 1843 quando
1118 1774 1351 1844 propter
1390 1766 1502 1825 hoe
1542 1767 1736 1845 ipsum
1778 1766 1968 1825 voluit
1996 1766 2380 1827 Mediatorem
2417 1766 2774 1827 intercedere

360 1856 427 1907 ut
456 1848 701 1926 justitiae
742 1848 907 1907 obice
948 1855 1169 1907 remoto
1210 1846 1285 1905 ad
1326 1846 1736 1905 misericordiae
1777 1846 2116 1906 exercitium
2156 1847 2314 1905 viam
2357 1846 2606 1923 faceret3
2653 1847 2776 1904 Nec

356 1929 679 2009 principum
727 1927 1059 2005 exemplum
1102 1927 1453 1987 contrarium
1500 1926 1737 2001 evincit,
1783 1946 1919 1985 nam
1967 1926 2114 1985 nihil
2149 1927 2344 1985 obstat
2383 1926 2617 1985 eosdem
2658 1944 2776 1985 non
2803 1933 2814 1951 ¹

359 2007 593 2085 quidem
619 2006 895 2085 placatos,
927 2006 1032 2065 sed
1058 2006 1275 2083 placari
1300 2014 1497 2065 tamen
1524 2006 1839 2083 cupientes,
1869 2005 2096 2065 mittere
2124 2006 2350 2083 legatos
2377 2006 2478 2083 qui
2505 2006 2578 2065 de
2615 2005 2778 2083 pacis

360 2087 789 2147 conditionibus
815 2086 1196 2164 paciscantur,
1228 2094 1288 2143 et
1315 2086 1365 2143 si
1392 2086 1475 2143 ita
1500 2084 1663 2145 lubet
1690 2104 1796 2163 pro
1824 2084 1966 2143 isis
1993 2085 2308 2144 rebellibus
2335 2086 2691 2144 satisfaciant
2711 2094 2778 2144 ut

360 2166 559 2243 legum
586 2164 907 2225 authoritas
932 2172 1165 2222 maneat
1202 2164 1443 2239 illibata,
1490 2162 1607 2222 Imo
1658 2184 1788 2223 cum
1854 2162 2063 2223 oederis
2101 2164 2460 2223 conditiones
2486 2164 2604 2223 illis
2631 2184 2775 2242 prae-

363 2246 619 2304 scribant
660 2264 729 2302 eo
770 2244 898 2322 ipso
947 2262 1011 2303 se
1055 2242 1313 2303 nondum
1359 2242 1622 2321 placatos
1670 2242 1811 2303 satis
1851 2242 2181 2303 ostendunt.
2265 2242 2430 2302 Nihil
2471 2264 2642 2321 porro
2681 2245 2779 2302 hic

364 2322 619 2404 praesidii
647 2324 825 2383 habet
864 2323 1171 2383 haereticus
1211 2324 1273 2383 iu
1313 2322 1548 2383 foederis
1576 2322 1651 2383 N.
1682 2323 2066 2401 descriptione
2094 2343 2129 2382 a
2157 2323 2202 2384 J
2203 2323 2417 2383 cremia
2442 2323 2611 2399 facta,
2641 2342 2780 2383 narn

364 2406 475 2464 etsi
496 2404 713 2463 mentio
732 2402 836 2464 fiat
854 2402 1261 2464 misericordiae
1273 2412 1331 2463 et
1352 2403 1672 2465 clementiae
1696 2422 1934 2465 summae
1955 2404 2016 2463 in
2033 2404 2370 2463 remissione
2391 2414 2778 2499 peccatorum,

366 2504 493 2544 eam
522 2493 717 2544 tamen
736 2504 855 2544 non
876 2484 1201 2560 excludere,
1234 2484 1339 2545 sed
1358 2483 1654 2545 includere
1681 2484 2008 2545 necessario
2031 2484 2372 2545 Mediator-is
2399 2486 2582 2563 ipsius
2611 2485 2780 2543 satis-

366 2565 675 2625 factionem
702 2566 1005 2643 probatum
1033 2572 1204 2625 antea
1248 2565 1531 2641 dedimus,
1572 2573 1635 2625 et
1673 2586 1750 2625 ex
1787 2584 1857 2624 eo
1896 2565 2036 2625 satis
2073 2571 2236 2643 patet
2276 2566 2434 2643 quod
2478 2568 2514 2599 ‘⁸
2541 2566 2603 2623 in
2631 2564 2780 2625 Jesu

368 2646 599 2705 Christo
607 2646 1025 2739 promissiones
1042 2664 1244 2705 omnes
1266 2645 1382 2704 sint
1404 2645 1599 2705 Etiam
1620 2654 1682 2705 et
1703 2646 1955 2721 Amen,''
1976 2650 2012 2703 2
2037 2646 2168 2705 Cor.
2191 2646 2231 2705 i.
2252 2648 2349 2719 20,
2381 2652 2439 2703 et
2459 2644 2649 2704 foedus
2669 2644 2782 2703 hoc

366 2743 485 2784 non
510 2727 627 2785 niel
651 2732 835 2784 morte
863 2725 1195 2784 mediatoris
1224 2725 1435 2783 sanciri
1462 2725 1731 2803 potuerit,
1765 2724 1920 2783 Heb.
1949 2724 2031 2782 ix.
2065 2726 2157 2800 15,
2193 2727 2286 2799 16,
2319 2720 2428 2783 &c.

452 2804 642 2864 XIX.
703 2806 777 2864 In
804 2808 870 2862 4⁸
912 2824 1029 2864 non
1068 2803 1201 2882 plus
1242 2812 1334 2863 est
1372 2804 1636 2863 roboris:
1679 2804 1830 2861 Nam
1870 2812 1936 2863 ut
1993 2802 2088 2861 hie
2135 2819 2254 2861 non
2301 2802 2562 2861 dicamus
2625 2800 2785 2879 quod

366 2895 558 2944 tamen
590 2886 747 2943 Beza
774 2884 1047 2942 observat
1074 2882 1225 2942 se‘in
1251 2902 1370 2942 uno
1406 2883 1593 2941 veteri
1632 2881 1830 2940 codice
1873 2881 2148 2959 scriptum
2190 2880 2638 2958 deprehendisse
2665 2898 2783 2938 non

367 2962 635 3043 paga-tem
660 2963 765 3021 sed
788 2964 1076 3042 pumice-73
1122 2980 1199 3019 ex
1240 2968 1471 3038 recepta
1496 2960 1744 3019 lectione
1773 2960 1922 3017 nihil
1945 2960 2211 3037 exsculpi
2237 2960 2448 3037 poterit
2476 2958 2632 3037 quod
2663 2959 2781 3024 hae·

372 3044 541 3100 resim
562 3043 769 3116 juvet3
814 3042 869 3099 N
872 3062 938 3100 ec
966 3041 1119 3099 enim
1156 3058 1311 3099 mors
1340 3039 1557 3097 Christi
1597 3047 1840 3098 vocatur
1877 3038 2141 3119 μςτῦςιον
2181 3039 2348 3117 quasi
2388 3038 2464 3097 ad
2506 3038 2782 3097 doctrinae

372 3122 865 3180 confirmationem
892 3120 1125 3179 demum
1166 3138 1293 3177 eam
1336 3117 1559 3193 obierit,
1608 3118 1713 3176 sed
1751 3126 1876 3178 tum
1917 3120 2056 3197 quia
2097 3120 2326 3213 plenam
2363 3118 2578 3178 divinae
2605 3118 2782 3178 bene-

370 3201 641 3259 volentiae
668 3200 842 3259 fidem
885 3198 1040 3277 apud
1086 3218 1194 3257 nos
1236 3198 1392 3274 facit,
1438 3216 1573 3257 nam
1614 3198 1720 3277 qui
1761 3198 1995 3277 proprio
2033 3198 2156 3258 fiho
2197 3217 2315 3257 non
2355 3199 2612 3279 pepercit
2639 3198 2783 3277 quid

370 3302 487 3341 non
514 3281 823 3359 largiretur
848 3279 1017 3339 nobis
1046 3300 1176 3339 cum
1204 3279 1307 3337 illo
1326 3280 1355 3337 ?
1394 3284 1519 3337 tum
1560 3278 1700 3357 quia
1737 3286 1828 3337 est
1863 3278 2010 3338 illud
2037 3280 2226 3357 ipsum
2254 3280 2327 3339 de
2354 3299 2470 3358 quo
2498 3286 2785 3340 testantur

370 3362 666 3440 prophetoe
708 3380 908 3420 omnes
934 3368 995 3420 et
1022 3358 1286 3437 apostoli,
1326 3358 1555 3437 utrique
1598 3358 1752 3418 enim
1795 3358 1868 3418 de
1909 3359 2276 3437 passionibus
2304 3368 2362 3419 et
2389 3360 2576 3439 gloria
2616 3380 2782 3419 secu-

368 3452 501 3502 tura
526 3450 663 3503 sunt
687 3440 887 3501 locuti.
974 3440 1073 3499 Sic
1100 3439 1466 3499 testimonium
1486 3438 1712 3499 dicetur
1739 3458 1894 3499 mors
1921 3440 2138 3501 Christi
2165 3460 2282 3499 non
2309 3444 2486 3501 active
2513 3440 2780 3519 simplici.

371 3523 539 3599 quasi
566 3522 893 3581 inservierit
919 3528 1143 3579 tantum
1185 3519 1261 3578 ad
1300 3518 1627 3579 testandam
1667 3528 1726 3579 et
1767 3520 2216 3579 confirmandam
2243 3520 2565 3581 doctrinam
2595 3539 2778 3591 suam,

372 3601 477 3660 sed
502 3601 820 3679 praesertim
838 3599 1065 3675 passive
1091 3599 1229 3677 quia
1254 3599 1329 3659 de
1356 3620 1427 3659 ea
1454 3618 1654 3659 omnes
1681 3600 1794 3658 viri
1818 3601 1930 3659 Dei
1951 3602 2012 3659 in
2045 3602 2340 3679 Scriptura
2367 3608 2669 3659 testantur.
2721 3604 2779 3659 2.

380 3680 775 3739 Testimonium
798 3678 948 3739 illud
972 3680 1208 3758 praecise
1231 3680 1307 3739 ad
1325 3686 1567 3739 mortem
1588 3678 1788 3739 referri
1815 3698 1932 3741 non
1953 3681 2142 3756 debet,
2169 3680 2270 3740 sed
2293 3681 2367 3739 ad
2393 3681 2583 3759 ipsum
2605 3698 2782 3738 evan-

372 3758 513 3837 gelii
540 3760 877 3837 mysterium
904 3760 965 3818 in
993 3779 1205 3837 genere
1232 3759 1305 3819 de
1332 3778 1449 3837 quo
1475 3760 1707 3819 loeutus
1733 3758 1921 3820 fuerat
1947 3762 2008 3818 in
2035 3778 2156 3819 ver.
2205 3760 2450 3838 praeced.
2486 3767 2552 3819 ut
2601 3758 2781 3835 signi-

370 3840 507 3898 ficet
536 3839 727 3899 Deum
754 3839 1173 3917 sapientissime
1200 3840 1326 3898 haec
1346 3840 1541 3898 omnia
1566 3840 1650 3899 ita
1675 3838 2029 3917 disposuisse
2053 3840 2368 3900 secundum
2390 3836 2785 3898 testimonium

374 3919 729 3997 temporibus
754 3920 1002 3997 propriis
1028 3928 1403 3995 reservatum,
1447 3918 1770 3978 doctrinam
1799 3920 2021 3980 scilicet
2047 3919 2338 3996 evangelii
2375 3939 2505 3996 quae
2534 3918 2782 3996 saepissi·

376 4016 469 4057 me
494 3998 761 4080 μαρτύριον
786 3998 1014 4069 dicitur,
1048 4004 1079 4059 1
1112 4000 1243 4059 Cor.
1274 4000 1312 4059 i.
1336 4002 1392 4074 6,
1421 4006 1481 4057 et
1514 4002 1543 4056 l
1576 3999 1708 4058 Cor.
1737 3999 1797 4059 ii.
1833 4002 1884 4075 1,
1914 4000 2052 4077 quia
2071 4007 2317 4059 testatur
2339 3998 2418 4055 ibi
2443 3998 2603 4057 Deus
2631 3997 2784 4057 etde

374 4076 781 4139 benevolentia
808 4098 913 4138 sua
939 4088 999 4139 et
1032 4079 1107 4139 de
1136 4079 1349 4139 Christi
1376 4078 1617 4155 merito;
1659 4079 1787 4138 haec
1825 4080 2038 4157 quippe
2080 4079 2210 4137 aliis
2249 4086 2403 4137 retro
2446 4077 2656 4137 seculis
2683 4076 2784 4135 ab·

376 4158 657 4233 scondita,
678 4158 1011 4218 novissimis
1031 4158 1387 4238 temporibus
1414 4158 1662 4218 revelari
1681 4158 1900 4234 debuit,
1923 4160 2091 4219 Rom.
2105 4158 2228 4217 xvi.
2259 4160 2354 4231 25,
2378 4158 2528 4235 Eph.
2551 4156 2631 4214 iii.
2647 4160 2702 4231 5,
2727 4163 2786 4215 et

376 4257 581 4300 sensus
597 4238 695 4298 hic
712 4236 921 4317 planus
938 4246 1043 4316 est,
1073 4258 1151 4299 ex
1178 4258 1353 4317 scopo
1366 4238 1654 4316 Apostoli,
1679 4238 1906 4297 dixerat
1927 4238 2097 4314 enim,
2122 4258 2243 4296 ver.
2273 4240 2330 4313 4,
2365 4240 2402 4271 “
2422 4238 2610 4296 Deum
2631 4236 2786 4294 velle

376 4338 576 4378 omnes
592 4319 857 4378 homines
875 4318 1093 4379 servari
1110 4328 1169 4378 et
1184 4319 1260 4377 ad
1279 4318 1636 4393 agnitionem
1645 4318 1906 4377 veritatis
1917 4318 2174 4393 venire,’'
2185 4334 2428 4395 quorum
2445 4318 2604 4396 prius
2613 4316 2787 4375 finem

376 4400 665 4476 posterius
690 4399 946 4458 medium
966 4398 1201 4476 respicit
1221 4398 1297 4457 ad
1316 4398 1491 4457 finem
1508 4396 1976 4475 consequendum
1997 4397 2383 4457 necessarium
2403 4420 2417 4475 ;
2461 4397 2786 4474 Utrumque

376 4498 517 4538 vero
546 4479 884 4555 confirmat;
916 4487 975 4538 et
1014 4479 1175 4557 prius
1214 4478 1362 4537 illud
1403 4476 1638 4555 quidem
1681 4498 1756 4536 ex
1797 4497 1866 4536 eo
1893 4477 2052 4557 quod
2079 4480 2239 4537 Deus
2264 4498 2406 4537 unus
2431 4479 2519 4555 sit,
2567 4486 2622 4535 et
2645 4496 2788 4535 unus

377 4560 674 4619 Mediator
694 4560 815 4618 Dei
831 4568 887 4618 et
908 4559 1193 4618 homimem
1212 4558 1314 4636 qui
1334 4578 1393 4619 se
1408 4562 1693 4639 siniam-gn
1721 4558 1940 4617 dederit
1952 4578 2070 4637 pro
2091 4558 2356 4635 omnibus,
2381 4579 2496 4617 non
2519 4557 2788 4618 omnibus

375 4647 439 4698 et
466 4639 715 4717 singulis
742 4641 1132 4698 universaliter
1158 4638 1317 4717 quod
1351 4646 1640 4717 repugnat
1677 4638 1919 4698 consilio
1947 4638 2058 4698 Dei
2087 4660 2164 4697 ex
2191 4658 2307 4716 quo
2335 4638 2598 4697 Christus
2627 4636 2789 4695 venit
