3234 5192
313 362 543 409 msrur.
589 346 748 429 xxm]
948 364 1027 404 nn
1054 362 1527 405 sartsrscrxoms
1554 362 1792 407 cumei-1
1819 364 2139 408 venturu.
2590 354 2710 413 645

306 505 435 566 buit
462 528 603 585 ergo
631 526 801 585 poena
830 505 1045 565 Christi
1070 505 1229 581 quod
1254 505 1559 565 essentiale
1602 506 1713 565 fuit
1739 524 1942 583 poenae,
1973 526 2088 565 non
2132 506 2292 585 quod
2319 508 2707 571 accidentale:

306 586 419 645 hoc
465 590 618 647 enim
663 607 773 645 nec
812 586 1023 644 habere
1053 584 1269 661 debuit,
1298 604 1407 644 nec
1436 586 1666 662 potuit:
1710 586 1841 645 Non
1870 586 2086 659 debuit,
2118 589 2256 664 quia
2281 607 2435 647 mors
2478 592 2600 667 jam
2631 592 2708 651 ob

308 666 591 727 infinitam
619 685 923 744 personam
952 674 1075 725 erat
1102 664 1313 724 infiniti
1337 665 1591 742 valoris3
1636 666 1770 725 Non
1797 665 1986 743 potuit
2029 666 2200 725 etiam
2227 689 2240 726 z
2289 671 2340 726 1.
2372 668 2461 727 Ob
2489 670 2708 731 uniam}

308 746 691 823 hypostaticae
733 745 1319 821 indissolubilitatem,
1364 744 1503 822 quia
1547 745 1904 823 impossibile
1953 744 2063 805 fuit
2107 745 2288 805 filium
2323 748 2434 806 Dei
2461 768 2496 807 a
2522 759 2707 809 morte

306 826 551 887 detineri
573 848 589 902 ;
636 826 833 885 Potuit
859 846 895 884 a
920 834 1103 883 morte
1130 824 1399 901 obsideri,
1430 824 1535 884 sed
1576 845 1696 885 non
1739 825 1930 903 potnit
1966 826 2038 883 ab
2065 846 2135 884 ea
2160 828 2319 886 vinci
2345 836 2404 886 et
2432 830 2704 907 superari,

304 907 495 983 potuit
521 906 721 985 premi,
753 906 856 965 sed
882 924 999 964 non
1021 905 1283 983 opprimi,
1313 906 1501 982 potuit
1520 905 1766 981 concuti,
1799 904 1903 964 sed
1929 924 2046 963 non
2093 908 2322 983 penitus
2350 907 2541 985 dejici,
2569 909 2708 986 quia

304 987 465 1062 quod
492 987 645 1060 λέγος
674 986 949 1063 Princeps
976 986 1114 1044 vitae
1144 985 1320 1044 semel
1348 987 1677 1063 assumpsit,
1707 1005 2001 1062 nunquam
2030 985 2280 1062 dimisit3
2325 991 2380 1046 2.
2427 986 2515 1046 Ob
2544 989 2712 1061 officii

304 1065 586 1143 implendi
612 1065 1011 1125 necessitatem
1034 1088 1049 1141 ;
1081 1065 1182 1142 qui
1202 1065 1355 1124 enim
1376 1066 1577 1125 mortis
1603 1066 1808 1125 merito
1837 1066 2092 1125 salvator
2117 1066 2320 1143 fuerat,
2350 1067 2552 1126 debuit
2578 1089 2705 1128 esse

302 1146 519 1223 pariter
544 1146 797 1205 efficacia
821 1145 993 1222 vitae3
1036 1146 1137 1222 qui
1181 1145 1461 1221 sanguine
1490 1146 1736 1205 salutem
1763 1145 2165 1222 acquisiverat,
2196 1146 2396 1206 debuit
2435 1166 2563 1205 eam
2591 1150 2705 1227 spi·

302 1224 419 1283 ritu
446 1227 735 1304 applicare
762 1234 821 1285 et
848 1224 1105 1284 conferre
1132 1244 1235 1303 per
1264 1226 1758 1284 resurrectionem.
1801 1228 1858 1284 3.
1890 1224 1980 1284 Ob
2007 1226 2318 1302 perfectam
2345 1229 2708 1289 humanitatis

304 1307 685 1365 sanctitatem.
730 1306 878 1365 Nam
906 1304 1031 1363 fieri
1056 1324 1174 1363 non
1201 1304 1389 1383 potuit
1404 1312 1471 1365 ut
1513 1308 1551 1339 “
1575 1305 1852 1364 Sanctum
1875 1304 2112 1363 Domini
2137 1304 2362 1367 videret
2389 1308 2704 1387 corruptio-

304 1384 498 1460 nem,”
534 1386 689 1445 Psal.
718 1385 861 1461 xvi„
904 1404 1013 1443 nec
1054 1384 1329 1461 possibile
1373 1393 1499 1444 erat
1529 1386 1755 1462 justum
1783 1406 1820 1443 a
1844 1394 2028 1443 morte
2055 1384 2316 1461 detineri,
2347 1386 2484 1447 Act.
2513 1388 2574 1447 ii.
2605 1392 2702 1449 24.

307 1464 587 1538 Quamvis
614 1484 755 1543 ergo
774 1474 1017 1524 mortem
1044 1464 1195 1523 hanc
1222 1464 1443 1523 ratione
1482 1464 1804 1523 durationis
1825 1472 2053 1524 aeternae
2079 1484 2196 1524 non
2223 1466 2540 1543 pertulerit,
2570 1468 2708 1529 tulit

303 1552 499 1603 tamen
541 1546 763 1605 ratione
807 1543 1072 1605 essentiae
1101 1554 1161 1603 et
1203 1544 1419 1603 valoris
1464 1544 1766 1620 infinitam,
1796 1544 1880 1603 ita
1913 1554 1980 1604 ut
2005 1545 2153 1603 nihil
2179 1544 2290 1603 hoc
2317 1546 2490 1606 modo
2517 1550 2703 1625 pretio

304 1624 633 1685 decesserit.
684 1625 813 1684 Imo
840 1632 1066 1684 tantum
1094 1625 1259 1684 abest
1284 1632 1351 1684 ut
1378 1624 1707 1701 decesserit,
1736 1633 1803 1683 ut
1829 1644 1984 1683 mors
2011 1624 2237 1684 infinita
2264 1625 2478 1685 Christi
2505 1626 2702 1687 videa·

303 1712 401 1763 tur
427 1706 722 1783 aliquanto
752 1724 1019 1783 superare
1066 1714 1309 1764 mortem
1354 1713 1627 1765 aeternam
1653 1704 1824 1764 nobis
1851 1704 2142 1764 debitam:
2182 1725 2318 1763 nam
2345 1726 2530 1783 poenae
2557 1708 2702 1767 infe-

302 1802 499 1843 rorum
542 1786 773 1845 nonnisi
819 1784 1129 1863 improprie
1174 1784 1445 1843 dicuntur
1486 1785 1730 1865 infim‘tae,
1780 1785 1918 1862 quia
1965 1794 2387 1862 componuntur
2413 1808 2488 1845 ex
2523 1788 2706 1849 variis

302 1867 611 1925 momentis
638 1867 751 1925 sibi
792 1865 1043 1923 invicem
1092 1864 1549 1941 succedentibus,
1596 1865 1822 1924 finitum
1867 1873 2060 1924 autem
2098 1864 2358 1924 additum
2395 1866 2560 1926 finito
2586 1888 2704 1928 non

298 1944 439 2003 facit
466 1945 770 2021 infinitum,
802 1945 906 2004 sed
931 1944 1139 2004 melius
1165 1944 1494 2003 dicerentur
1518 1946 1815 2024 indefinita
1829 1968 1855 2018 ,-
1883 1946 1969 2004 At
1996 1964 2134 2004 vero
2161 1964 2407 2022 persona
2427 1956 2486 2007 et
2513 1947 2703 2025 digni-

298 2030 391 2081 tas
420 2024 635 2083 Christi
676 2033 810 2083 actu
852 2032 943 2083 est
982 2023 1224 2083 infinita.
1309 2026 1455 2083 Cum
1502 2042 1644 2099 ergo
1687 2044 1762 2083 ex
1810 2024 2093 2100 dignitate
2133 2044 2394 2101 personae
2422 2046 2552 2104 quae
2579 2027 2702 2087 lue·

298 2102 416 2178 bat,
447 2122 633 2180 poenae
681 2102 983 2161 aestimatio
1028 2103 1317 2179 pendeat3
1360 2121 1517 2166 mors
1560 2104 1718 2161 illius
1767 2102 2040 2162 aestimari
2081 2103 2282 2163 debuit
2307 2125 2376 2163 ac
2420 2106 2472 2164 si
2497 2106 2704 2167 fuisset

298 2192 435 2241 actu
474 2182 715 2257 infinita,
758 2201 915 2241 mors
955 2192 1149 2240 autem
1188 2180 1415 2240 infinita
1452 2190 1603 2258 actu,
1633 2181 1856 2241 finitam
1883 2190 2125 2240 mortem
2153 2185 2526 2259 quantumvis
2553 2186 2700 2246 mul-

300 2260 609 2339 tiplicetur,
639 2262 737 2320 vel
772 2261 833 2319 in
881 2270 1157 2321 aeternum
1204 2268 1561 2340 prorogetur,
1592 2282 1710 2321 non
1739 2271 1930 2340 aequat·
1955 2261 2146 2339 mod0,
2179 2262 2282 2321 sed
2309 2274 2542 2342 superat
2567 2286 2698 2344 pro·

376 2341 580 2401 rtione.

299 2360 493 2481 poVI.
514 2422 671 2481 Hinc
699 2422 865 2482 facile
904 2422 1237 2501 responderi
1270 2430 1463 2501 potest
1486 2422 1807 2484 rationibus
1835 2423 2044 2485 allatis.
2113 2424 2216 2485 Ad
2240 2425 2500 2503 primam,
2543 2426 2704 2506 quod

300 2520 457 2561 mors
480 2510 693 2563 aeterna
718 2524 835 2564 non
860 2506 1256 2583 pertransitur,
1302 2504 1498 2582 Resp.‚
1534 2503 1595 2565 Si
1643 2513 1912 2565 aeternam
1954 2505 2264 2585 intelligas,
2295 2525 2425 2585 quae
2453 2507 2586 2566 talis
2615 2516 2704 2568 est

300 2582 565 2643 absolute
583 2592 641 2644 et
662 2584 854 2661 quoad
880 2584 1257 2661 durationem,
1280 2584 1493 2661 fateor;
1524 2586 1575 2645 si
1602 2586 1884 2645 infinitam
1901 2606 2030 2663 quae
2047 2586 2182 2647 talis
2208 2586 2285 2646 sit
2309 2588 2506 2647 valore
2536 2596 2596 2647 et
2615 2588 2702 2646 in-

298 2664 579 2740 tensione,
638 2684 806 2741 nego.
894 2666 1378 2743 Inexpugnabilis
1444 2684 1583 2725 sane
1637 2684 1794 2724 mors
1839 2675 1945 2739 est,
1997 2665 2048 2725 si
2102 2674 2392 2743 spectetur
2443 2686 2560 2744 qua
2613 2677 2704 2728 est

297 2742 526 2804 infinita
566 2746 885 2819 extensive,
916 2754 975 2804 et
1002 2746 1276 2823 temporis
1304 2746 1624 2818 duratione,
1669 2743 1772 2802 sed
1800 2744 1850 2803 si
1877 2745 2004 2802 dari
2031 2753 2222 2820 potest
2249 2745 2534 2821 ejusmodi
2563 2748 2698 2805 sub-

288 2822 513 2898 jectum
542 2824 602 2880 in
632 2824 789 2900 quod
816 2824 1018 2883 cadere
1044 2826 1231 2901 possit
1255 2832 1479 2883 tantum
1506 2824 1920 2881 incrementum
1939 2842 2124 2900 poenoe
2148 2824 2270 2881 sine
2293 2825 2418 2901 ejus
2440 2824 2698 2884 destruc-

295 2900 471 2976 tione,
514 2922 607 2960 res
632 2922 751 2960 non
792 2912 881 2961 est
908 2903 1299 2979 impossibilis.
1380 2903 1522 2961 Tale
1550 2910 1743 2960 autem
1771 2902 2094 2979 subjectum
2123 2901 2232 2960 fuit
2261 2902 2523 2962 Christus
2548 2905 2697 2965 ead·-

298 2986 498 3059 ogm,
529 2980 629 3057 qui
656 3000 775 3039 non
800 2980 937 3039 tulit
963 2990 1203 3057 tantum,
1236 2982 1340 3040 sed
1366 2990 1425 3040 et
1470 2980 1710 3059 pertulit
1735 2990 1794 3039 et
1821 2982 2114 3059 superavit
2139 3000 2340 3058 poenas
2367 3000 2566 3041 omnes
2593 3004 2697 3043 no·

297 3058 391 3117 bis
418 3059 643 3119 debitas
673 3060 796 3118 sine
822 3060 945 3120 ullo
972 3061 1355 3121 detrimento:
1396 3059 1587 3139 potuit
1614 3059 1766 3119 enim
1807 3070 1868 3120 et
1915 3080 1978 3121 se
2005 3069 2064 3121 et
2103 3080 2212 3120 nos
2236 3060 2499 3137 liberare,
2530 3084 2598 3123 ac
2647 3065 2698 3125 si

299 3150 527 3199 nosmet
554 3139 665 3217 ipsi
694 3140 926 3199 easdem
954 3141 1307 3200 tulissemus.

380 3218 528 3279 VII.
558 3220 660 3277 A‘d
688 3220 999 3279 secundam
1022 3220 1217 3299 Resp.,
1240 3219 1421 3281 Finiti
1448 3220 1523 3279 ad
1550 3219 1838 3281 infinitum
1865 3221 2028 3281 nulla
2055 3230 2144 3282 est
2169 3226 2462 3301 proportio
2491 3226 2542 3285 si
2555 3226 2698 3303 fini·

298 3309 415 3359 tum
441 3306 501 3358 et
528 3300 799 3379 infinitum
828 3300 1187 3377 intelligatur
1212 3302 1457 3361 absolute
1483 3309 1543 3360 et
1568 3300 1916 3375 omnimode,
1945 3302 2154 3362 falsum
2183 3304 2234 3363 si
2275 3314 2583 3385 utrumque
2611 3306 2698 3365 in-

296 3380 597 3458 telligatur
622 3387 845 3440 tantum
890 3383 1189 3439 secundum
1216 3382 1357 3459 quid
1397 3390 1455 3442 et
1482 3391 1826 3460 comparate.
1890 3383 2038 3441 Nam
2070 3384 2227 3461 quod
2251 3384 2478 3447 finitum
2519 3396 2610 3446 est
2638 3386 2698 3445 in

302 3478 382 3536 se,
412 3468 604 3538 potest
632 3460 749 3519 dici
774 3460 1061 3519 infinitum
1090 3461 1396 3538 objective,
1425 3470 1493 3521 ut
1532 3470 1834 3540 peccatum
1863 3462 2088 3522 finitum
2116 3472 2205 3523 est
2231 3466 2452 3525 ratione
2478 3468 2705 3541 subjecti

298 3540 550 3599 hominis
598 3540 819 3599 scilicet
862 3539 1173 3618 peccantis,
1224 3542 1511 3602 infinitum
1558 3552 1754 3601 tamen
1794 3542 2007 3602 dicitur
2045 3544 2266 3602 ratione
2295 3548 2499 3621 olv’ecti,
2530 3546 2698 3603 nimi·

299 3638 427 3678 rum
459 3620 570 3677 Dei
600 3618 839 3695 offensi;
885 3621 979 3679 Ita
1024 3620 1281 3680 vicissim
1326 3622 1497 3681 datur
1538 3622 1776 3700 aliquod
1801 3622 2030 3682 finitum
2057 3622 2116 3681 in
2141 3642 2200 3681 se
2226 3626 2384 3699 quod
2409 3626 2698 3695 infinitum

280 3700 391 3759 ‘est
414 3708 667 3775 respectu
692 3701 930 3776 subjecti,
960 3709 1028 3760 ut
1052 3702 1351 3779 passiones
1392 3701 1605 3761 Christi
1633 3702 1696 3761 in
1723 3720 1786 3761 se
1826 3702 2061 3779 quidem
2090 3702 2267 3762 finitae
2297 3713 2446 3779 sunt,
2478 3704 2580 3763 sed
2607 3724 2698 3765 ra-

298 3778 457 3838 tione
484 3778 702 3838 Christi
726 3780 999 3857 patientis
1025 3782 1125 3859 qui
1152 3800 1399 3859 persona
1424 3790 1513 3841 est
1540 3781 1740 3839 divina
1767 3790 1826 3841 et
1850 3782 2092 3857 infinita,
2121 3782 2378 3843 infinitae.
2425 3784 2522 3844 Sic
2535 3785 2700 3862 justa

300 3858 425 3916 dari
449 3866 644 3935 potest
685 3861 978 3936 proportio
1005 3859 1157 3920 inter
1202 3880 1403 3939 poenas
1432 3862 1649 3920 Christi
1675 3869 1733 3920 et
1779 3871 2025 3921 nostras.
2070 3862 2219 3921 Nam
2247 3873 2313 3923 ut
2339 3865 2510 3941 culpa
2535 3863 2700 3923 finita

298 3946 557 4015 tempore
598 3939 809 3999 meruit
856 3940 1135 4000 infinitam
1178 3960 1408 4018 poenam
1452 3942 1676 4001 ratione
1718 3940 1930 4019 objecti
1970 3940 2197 4017 infiniti,
2229 3941 2343 4001 Dei
2370 3944 2606 4020 scilicet,
2636 3943 2700 4003 in

296 4037 471 4094 quem
520 4017 773 4077 admissa
814 4018 960 4096 fuit3
1008 4020 1105 4079 Sic
1152 4040 1325 4097 poena
1370 4029 1628 4099 tempore
1663 4022 1827 4081 finita
1853 4020 2185 4100 aequipollet
2211 4030 2438 4082 aeternae
2467 4032 2701 4102 propter

299 4098 625 4175 subjectum
654 4097 941 4158 infinitum
970 4120 1005 4157 a
1019 4119 1136 4177 quo
1158 4100 1267 4160 fuit
1286 4100 1544 4161 tolerata.
1590 4100 1685 4160 Ita
1709 4120 1896 4178 poenae
1915 4100 2178 4160 bifariam
2201 4103 2446 4179 spectari
2465 4103 2695 4180 debent,

295 4178 396 4236 vel
422 4178 657 4253 Physica
684 4198 785 4237 seu
816 4179 1236 4257 Metaphysice,
1264 4182 1485 4240 ratione
1532 4181 1790 4240 entitatis
1817 4200 1991 4257 quam
2036 4180 2379 4258 habuerunt,
2411 4183 2494 4242 sic
2519 4182 2698 4243 finitae

297 4256 545 4333 fuerunt,
576 4278 683 4318 nec
712 4278 839 4317 esse
868 4259 1107 4318 infinitae
1133 4268 1445 4337 potuerunt
1470 4269 1571 4320 aut
1596 4260 1936 4335 debuerunt,
1959 4258 2058 4319 vel
2083 4261 2284 4321 Ethice
2305 4262 2430 4321 sive
2448 4262 2698 4340 judicia-

296 4336 447 4412 liter,
478 4337 767 4415 quomodo
812 4358 939 4398 esse
968 4338 1205 4399 infinitae
1252 4340 1576 4400 debuerunt
1623 4348 1683 4398 et
1708 4358 1910 4398 revera
1937 4339 2184 4399 fuerunt.
2230 4340 2316 4400 At
2341 4342 2436 4401 hic
2465 4362 2596 4402 cum
2624 4344 2699 4404 de

298 4416 689 4477 satisfactione
717 4418 931 4477 forensi
960 4427 1181 4497 agatur,
1210 4419 1472 4494 finitudO,
1504 4420 1555 4477 si
1582 4418 1665 4477 ita
1702 4419 1863 4496 loqui
1903 4419 2056 4496 licet,
2099 4420 2198 4478 vel
2243 4420 2549 4481 infinitudo
2575 4443 2699 4502 poe-

296 4516 501 4557 narum
529 4497 909 4576 intelligenda
935 4509 1025 4558 est
1072 4500 1385 4559 secundum
1416 4498 1853 4560 aestimationem
1880 4498 2162 4558 forensem
2191 4498 2322 4579 quse
2349 4502 2567 4561 nullam
2593 4505 2697 4565 ha·

296 4577 399 4637 bet
422 4579 705 4638 rationem
750 4578 1023 4655 entitatis,
1074 4588 1141 4639 ut
1166 4589 1324 4657 patet
1350 4581 1411 4638 in
1458 4586 1714 4658 peccato,
1744 4578 1900 4656 quod
1927 4578 2216 4639 interdum
2242 4581 2460 4642 nullam
2491 4583 2698 4645 entita-

292 4666 413 4717 tem
440 4658 633 4734 habet,
662 4677 851 4737 neque
879 4658 1195 4719 formaliter
1220 4680 1407 4738 neque
1449 4659 1836 4735 materialiter,
1867 4680 1924 4720 v.
1956 4680 2014 4738 g.
2044 4654 2278 4722 omissio
2306 4662 2494 4740 officii,
2525 4673 2585 4723 et
2611 4672 2702 4724 ta-
