<?xml version="1.0" encoding="UTF-8"?>
<!DOCTYPE html PUBLIC "-//W3C//DTD XHTML 1.0 Transitional//EN"
    "http://www.w3.org/TR/xhtml1/DTD/xhtml1-transitional.dtd">
<html xmlns="http://www.w3.org/1999/xhtml" xml:lang="en" lang="en">
 <head>
  <title>
</title>
<meta http-equiv="Content-Type" content="text/html;charset=utf-8" />
  <meta name='ocr-system' content='tesseract 3.04.00' />
  <meta name='ocr-capabilities' content='ocr_page ocr_carea ocr_par ocr_line ocrx_word'/>
</head>
<body>
  <div class='ocr_page' id='page_1' title='image "./denecessariasec00turrgoog_0656.png"; bbox 0 0 3234 5192; ppageno 0'>
   <div class='ocr_carea' id='block_1_1' title="bbox 531 301 2963 384">
    <p class='ocr_par' dir='ltr' id='par_1_1' title="bbox 531 301 2963 384">
     <span class='ocr_line' id='line_1_1' title="bbox 531 301 2963 384; baseline -0.002 -15"><span class='ocrx_word' id='word_1_1' title='bbox 531 307 650 369; x_wconf 79' lang='lat'><strong>600</strong></span> <span class='ocrx_word' id='word_1_2' title='bbox 1109 323 1190 364; x_wconf 76' lang='lat' dir='ltr'><strong>nr.</strong></span> <span class='ocrx_word' id='word_1_3' title='bbox 1217 319 1691 366; x_wconf 67' lang='lat' dir='ltr'><strong>sArisrAcrroms</strong></span> <span class='ocrx_word' id='word_1_4' title='bbox 1720 319 1959 364; x_wconf 67' lang='lat' dir='ltr'><strong>cuman</strong></span> <span class='ocrx_word' id='word_1_5' title='bbox 1986 317 2307 364; x_wconf 66' lang='lat' dir='ltr'><strong>vannus.</strong></span> <span class='ocrx_word' id='word_1_6' title='bbox 2527 301 2793 384; x_wconf 75' lang='lat' dir='ltr'><strong>[meru-r.</strong></span> <span class='ocrx_word' id='word_1_7' title='bbox 2823 322 2963 363; x_wconf 81' lang='lat' dir='ltr'><strong>nx.</strong></span> 
     </span>
    </p>
   </div>
   <div class='ocr_carea' id='block_1_2' title="bbox 540 461 2991 4708">
    <p class='ocr_par' dir='ltr' id='par_1_2' title="bbox 540 461 2983 4202">
     <span class='ocr_line' id='line_1_2' title="bbox 624 461 2964 540; baseline -0 -16"><span class='ocrx_word' id='word_1_8' title='bbox 624 463 807 526; x_wconf 86' lang='lat' dir='ltr'><strong>XIV.</strong></span> <span class='ocrx_word' id='word_1_9' title='bbox 889 467 948 526; x_wconf 80' lang='lat'><strong>4.</strong></span> <span class='ocrx_word' id='word_1_10' title='bbox 991 463 1211 524; x_wconf 88' lang='lat' dir='ltr'><strong>Paulus</strong></span> <span class='ocrx_word' id='word_1_11' title='bbox 1254 463 1330 524; x_wconf 90' lang='lat' dir='ltr'><strong>ad</strong></span> <span class='ocrx_word' id='word_1_12' title='bbox 1375 465 1530 524; x_wconf 90' lang='lat' dir='ltr'><strong>Heb.</strong></span> <span class='ocrx_word' id='word_1_13' title='bbox 1591 485 1653 524; x_wconf 87' lang='lat' dir='ltr'><strong>x.</strong></span> <span class='ocrx_word' id='word_1_14' title='bbox 1688 465 1785 540; x_wconf 84' lang='lat'><strong>26,</strong></span> <span class='ocrx_word' id='word_1_15' title='bbox 1834 483 1954 523; x_wconf 91' lang='lat' dir='ltr'><strong>non</strong></span> <span class='ocrx_word' id='word_1_16' title='bbox 1996 469 2175 540; x_wconf 85' lang='lat' dir='ltr'><strong>negat</strong></span> <span class='ocrx_word' id='word_1_17' title='bbox 2216 461 2481 522; x_wconf 88' lang='lat' dir='ltr'><strong>absolute</strong></span> <span class='ocrx_word' id='word_1_18' title='bbox 2524 481 2629 540; x_wconf 90' lang='lat' dir='ltr'><strong>pro</strong></span> <span class='ocrx_word' id='word_1_19' title='bbox 2671 462 2964 523; x_wconf 77' lang='lat' dir='ltr'><strong>ultroneis</strong></span> 
     </span>
     <span class='ocr_line' id='line_1_3' title="bbox 540 543 2965 626; baseline -0.002 -20"><span class='ocrx_word' id='word_1_20' title='bbox 540 546 795 626; x_wconf 89' lang='lat' dir='ltr'><strong>peccatis</strong></span> <span class='ocrx_word' id='word_1_21' title='bbox 821 564 949 606; x_wconf 88' lang='lat' dir='ltr'><strong>esse</strong></span> <span class='ocrx_word' id='word_1_22' title='bbox 975 545 1243 617; x_wconf 87' lang='lat' dir='ltr'><strong>hostiam,</strong></span> <span class='ocrx_word' id='word_1_23' title='bbox 1263 565 1399 605; x_wconf 89' lang='lat' dir='ltr'><strong>nam</strong></span> <span class='ocrx_word' id='word_1_24' title='bbox 1427 546 1511 604; x_wconf 91' lang='lat' dir='ltr'><strong>sic</strong></span> <span class='ocrx_word' id='word_1_25' title='bbox 1537 544 1702 603; x_wconf 87' lang='lat' dir='ltr'><strong>nulla</strong></span> <span class='ocrx_word' id='word_1_26' title='bbox 1726 551 1882 604; x_wconf 86' lang='lat' dir='ltr'><strong>esset</strong></span> <span class='ocrx_word' id='word_1_27' title='bbox 1908 543 2166 603; x_wconf 88' lang='lat' dir='ltr'><strong>omnium</strong></span> <span class='ocrx_word' id='word_1_28' title='bbox 2194 543 2426 603; x_wconf 88' lang='lat' dir='ltr'><strong>omnino</strong></span> <span class='ocrx_word' id='word_1_29' title='bbox 2452 551 2824 621; x_wconf 87' lang='lat' dir='ltr'><strong>peccatorum</strong></span> <span class='ocrx_word' id='word_1_30' title='bbox 2850 563 2965 602; x_wconf 89' lang='lat' dir='ltr'><strong>ex-</strong></span> 
     </span>
     <span class='ocr_line' id='line_1_4' title="bbox 542 623 2959 705; baseline -0.002 -19"><span class='ocrx_word' id='word_1_31' title='bbox 542 625 739 705; x_wconf 78' lang='lat' dir='ltr'><strong>piatio,</strong></span> <span class='ocrx_word' id='word_1_32' title='bbox 783 645 917 686; x_wconf 88' lang='lat' dir='ltr'><strong>cum</strong></span> <span class='ocrx_word' id='word_1_33' title='bbox 956 626 1182 686; x_wconf 90' lang='lat' dir='ltr'><strong>nullum</strong></span> <span class='ocrx_word' id='word_1_34' title='bbox 1223 626 1446 686; x_wconf 86' lang='lat' dir='ltr'><strong>actuale</strong></span> <span class='ocrx_word' id='word_1_35' title='bbox 1527 632 1789 684; x_wconf 86' lang='lat' dir='ltr'><strong>eccatum</strong></span> <span class='ocrx_word' id='word_1_36' title='bbox 1828 623 1957 683; x_wconf 82' lang='lat' dir='ltr'><strong>dari</strong></span> <span class='ocrx_word' id='word_1_37' title='bbox 1994 624 2180 702; x_wconf 77' lang='lat' dir='ltr'>possit</span> <span class='ocrx_word' id='word_1_38' title='bbox 2210 643 2348 682; x_wconf 86' lang='lat' dir='ltr'><strong>vere</strong></span> <span class='ocrx_word' id='word_1_39' title='bbox 2381 631 2441 682; x_wconf 90' lang='lat' dir='ltr'><strong>et</strong></span> <span class='ocrx_word' id='word_1_40' title='bbox 2474 624 2705 701; x_wconf 90' lang='lat' dir='ltr'><strong>proprie</strong></span> <span class='ocrx_word' id='word_1_41' title='bbox 2732 623 2959 682; x_wconf 85' lang='lat' dir='ltr'><strong>dictum</strong></span> 
     </span>
     <span class='ocr_line' id='line_1_5' title="bbox 544 645 2961 786; baseline -0.002 -20"><span class='ocrx_word' id='word_1_42' title='bbox 544 705 702 786; x_wconf 90' lang='lat' dir='ltr'><strong>quod</strong></span> <span class='ocrx_word' id='word_1_43' title='bbox 722 726 840 766; x_wconf 88' lang='lat' dir='ltr'><strong>non</strong></span> <span class='ocrx_word' id='word_1_44' title='bbox 869 705 944 766; x_wconf 92' lang='lat' dir='ltr'><strong>sit</strong></span> <span class='ocrx_word' id='word_1_45' title='bbox 969 705 1377 782; x_wconf 83' lang='lat' dir='ltr'><strong>voluntarium,</strong></span> <span class='ocrx_word' id='word_1_46' title='bbox 1409 645 1526 764; x_wconf 49' lang='lat' dir='ltr'><strong>sed)</strong></span> <span class='ocrx_word' id='word_1_47' title='bbox 1540 713 1765 764; x_wconf 85' lang='lat' dir='ltr'><strong>tantum</strong></span> <span class='ocrx_word' id='word_1_48' title='bbox 1790 704 2049 783; x_wconf 87' lang='lat' dir='ltr'><strong>loquitur</strong></span> <span class='ocrx_word' id='word_1_49' title='bbox 2076 703 2148 762; x_wconf 93' lang='lat' dir='ltr'><strong>de</strong></span> <span class='ocrx_word' id='word_1_50' title='bbox 2176 703 2278 762; x_wconf 93' lang='lat' dir='ltr'><strong>illo</strong></span> <span class='ocrx_word' id='word_1_51' title='bbox 2306 705 2529 782; x_wconf 88' lang='lat' dir='ltr'><strong>peccati</strong></span> <span class='ocrx_word' id='word_1_52' title='bbox 2556 723 2769 782; x_wconf 88' lang='lat' dir='ltr'><strong>genere</strong></span> <span class='ocrx_word' id='word_1_53' title='bbox 2797 702 2961 781; x_wconf 91' lang='lat' dir='ltr'><strong>quod</strong></span> 
     </span>
     <span class='ocr_line' id='line_1_6' title="bbox 547 780 2959 866; baseline -0.001 -22"><span class='ocrx_word' id='word_1_54' title='bbox 547 787 720 866; x_wconf 91' lang='lat' dir='ltr'><strong>plena</strong></span> <span class='ocrx_word' id='word_1_55' title='bbox 748 787 1044 846; x_wconf 85' lang='lat' dir='ltr'><strong>voluntate</strong></span> <span class='ocrx_word' id='word_1_56' title='bbox 1073 793 1131 845; x_wconf 90' lang='lat' dir='ltr'><strong>et</strong></span> <span class='ocrx_word' id='word_1_57' title='bbox 1158 785 1475 845; x_wconf 86' lang='lat' dir='ltr'><strong>deliberata</strong></span> <span class='ocrx_word' id='word_1_58' title='bbox 1501 804 1570 844; x_wconf 92' lang='lat' dir='ltr'><strong>ac</strong></span> <span class='ocrx_word' id='word_1_59' title='bbox 1595 785 1876 864; x_wconf 79' lang='lat' dir='ltr'><strong>pertinaci</strong></span> <span class='ocrx_word' id='word_1_60' title='bbox 1915 780 2138 844; x_wconf 86' lang='lat' dir='ltr'><strong>malitia</strong></span> <span class='ocrx_word' id='word_1_61' title='bbox 2176 784 2571 844; x_wconf 78' lang='lat' dir='ltr'><strong>committitur.</strong></span> <span class='ocrx_word' id='word_1_62' title='bbox 2656 784 2775 843; x_wconf 90' lang='lat' dir='ltr'><strong>Hic</strong></span> <span class='ocrx_word' id='word_1_63' title='bbox 2813 803 2959 861; x_wconf 88' lang='lat' dir='ltr'><strong>ergo</strong></span> 
     </span>
     <span class='ocr_line' id='line_1_7' title="bbox 545 863 2957 959; baseline -0.002 -32"><span class='ocrx_word' id='word_1_64' title='bbox 545 867 720 946; x_wconf 88' lang='lat' dir='ltr'><strong>paulo</strong></span> <span class='ocrx_word' id='word_1_65' title='bbox 769 866 1090 926; x_wconf 74' lang='lat' dir='ltr'><strong>accuratius</strong></span> <span class='ocrx_word' id='word_1_66' title='bbox 1137 865 1511 959; x_wconf 75' lang='lat' dir='ltr'><strong>ponderanda</strong></span> <span class='ocrx_word' id='word_1_67' title='bbox 1557 873 1647 924; x_wconf 87' lang='lat' dir='ltr'><strong>est</strong></span> <span class='ocrx_word' id='word_1_68' title='bbox 1674 863 1899 944; x_wconf 76' lang='lat' dir='ltr'><strong>phrasis</strong></span> <span class='ocrx_word' id='word_1_69' title='bbox 1946 883 2064 959; x_wconf 70' lang='lat' dir='ltr'><strong>qua</strong></span> <span class='ocrx_word' id='word_1_70' title='bbox 2092 863 2433 958; x_wconf 32' lang='lat' dir='ltr'><strong>‘Apostolus</strong></span> <span class='ocrx_word' id='word_1_71' title='bbox 2482 865 2684 939; x_wconf 87' lang='lat' dir='ltr'><strong>utitur,</strong></span> <span class='ocrx_word' id='word_1_72' title='bbox 2734 863 2957 930; x_wconf 61' lang='grc' dir='ltr'><strong>ἑκουσίως</strong></span> 
     </span>
     <span class='ocr_line' id='line_1_8' title="bbox 549 945 2961 1104; baseline -0.006 -18"><span class='ocrx_word' id='word_1_73' title='bbox 549 945 1749 1104; x_wconf 54' lang='grc' dir='ltr'><strong>ῗῃῆἒῖἒζὲἓὲἓῇῗῖἒᾘζᾞὲᾷἶῖἰὲ</strong></span> <span class='ocrx_word' id='word_1_74' title='bbox 1769 945 2357 1086; x_wconf 55' lang='lat'><strong>&#39;332531&#39;332232322</strong></span> <span class='ocrx_word' id='word_1_75' title='bbox 2382 945 2961 1100; x_wconf 54' lang='lat' dir='ltr'><strong>Ezffffiffvz‘fsss}</strong></span> 
     </span>
     <span class='ocr_line' id='line_1_9' title="bbox 550 1103 2959 1184; baseline -0.002 -17"><span class='ocrx_word' id='word_1_76' title='bbox 550 1115 641 1167; x_wconf 88' lang='lat' dir='ltr'><strong>tas</strong></span> <span class='ocrx_word' id='word_1_77' title='bbox 683 1115 876 1166; x_wconf 87' lang='lat' dir='ltr'><strong>autem</strong></span> <span class='ocrx_word' id='word_1_78' title='bbox 917 1107 1050 1184; x_wconf 87' lang='lat' dir='ltr'><strong>cogi</strong></span> <span class='ocrx_word' id='word_1_79' title='bbox 1091 1125 1209 1164; x_wconf 88' lang='lat' dir='ltr'><strong>non</strong></span> <span class='ocrx_word' id='word_1_80' title='bbox 1247 1106 1448 1184; x_wconf 83' lang='lat' dir='ltr'><strong>possit,</strong></span> <span class='ocrx_word' id='word_1_81' title='bbox 1493 1114 1560 1165; x_wconf 91' lang='lat' dir='ltr'><strong>ut</strong></span> <span class='ocrx_word' id='word_1_82' title='bbox 1591 1113 1813 1183; x_wconf 87' lang='lat' dir='ltr'><strong>notum,</strong></span> <span class='ocrx_word' id='word_1_83' title='bbox 1842 1123 2079 1164; x_wconf 89' lang='lat' dir='ltr'><strong>necesse</strong></span> <span class='ocrx_word' id='word_1_84' title='bbox 2110 1112 2201 1164; x_wconf 87' lang='lat' dir='ltr'><strong>est</strong></span> <span class='ocrx_word' id='word_1_85' title='bbox 2240 1112 2305 1164; x_wconf 98' lang='grc' dir='ltr'><strong>ιιι</strong></span> <span class='ocrx_word' id='word_1_86' title='bbox 2335 1103 2727 1165; x_wconf 85' lang='lat' dir='ltr'><strong>voluntarium</strong></span> <span class='ocrx_word' id='word_1_87' title='bbox 2756 1105 2847 1180; x_wconf 88' lang='lat' dir='ltr'><strong>sit,</strong></span> <span class='ocrx_word' id='word_1_88' title='bbox 2876 1105 2959 1163; x_wconf 83' lang='lat' dir='ltr'><strong>ita</strong></span> 
     </span>
     <span class='ocr_line' id='line_1_10' title="bbox 552 1183 2959 1266; baseline -0.002 -20"><span class='ocrx_word' id='word_1_89' title='bbox 552 1207 721 1247; x_wconf 89' lang='lat' dir='ltr'><strong>nemo</strong></span> <span class='ocrx_word' id='word_1_90' title='bbox 748 1205 987 1266; x_wconf 85' lang='lat' dir='ltr'><strong>peccare</strong></span> <span class='ocrx_word' id='word_1_91' title='bbox 1013 1192 1207 1264; x_wconf 87' lang='lat' dir='ltr'><strong>potest</strong></span> <span class='ocrx_word' id='word_1_92' title='bbox 1233 1187 1334 1264; x_wconf 90' lang='lat' dir='ltr'><strong>qui</strong></span> <span class='ocrx_word' id='word_1_93' title='bbox 1360 1206 1478 1245; x_wconf 91' lang='lat' dir='ltr'><strong>non</strong></span> <span class='ocrx_word' id='word_1_94' title='bbox 1505 1193 1710 1263; x_wconf 89' lang='lat' dir='ltr'><strong>sponte</strong></span> <span class='ocrx_word' id='word_1_95' title='bbox 1738 1195 1796 1244; x_wconf 86' lang='lat' dir='ltr'><strong>et</strong></span> <span class='ocrx_word' id='word_1_96' title='bbox 1822 1193 1986 1244; x_wconf 86' lang='lat' dir='ltr'><strong>motu</strong></span> <span class='ocrx_word' id='word_1_97' title='bbox 2012 1184 2329 1244; x_wconf 83' lang='lat' dir='ltr'><strong>voluntatis</strong></span> <span class='ocrx_word' id='word_1_98' title='bbox 2358 1184 2434 1243; x_wconf 87' lang='lat' dir='ltr'><strong>ad</strong></span> <span class='ocrx_word' id='word_1_99' title='bbox 2459 1184 2523 1242; x_wconf 90' lang='lat' dir='ltr'><strong>id</strong></span> <span class='ocrx_word' id='word_1_100' title='bbox 2554 1183 2809 1262; x_wconf 82' lang='lat' dir='ltr'><strong>feratur3</strong></span> <span class='ocrx_word' id='word_1_101' title='bbox 2854 1183 2959 1243; x_wconf 87' lang='lat' dir='ltr'><strong>sed</strong></span> 
     </span>
     <span class='ocr_line' id='line_1_11' title="bbox 551 1264 2957 1344; baseline -0.002 -18"><span class='ocrx_word' id='word_1_102' title='bbox 551 1286 670 1327; x_wconf 89' lang='lat' dir='ltr'><strong>non</strong></span> <span class='ocrx_word' id='word_1_103' title='bbox 697 1287 766 1326; x_wconf 88' lang='lat' dir='ltr'><strong>eo</strong></span> <span class='ocrx_word' id='word_1_104' title='bbox 794 1275 989 1326; x_wconf 86' lang='lat' dir='ltr'><strong>tamen</strong></span> <span class='ocrx_word' id='word_1_105' title='bbox 1016 1285 1190 1326; x_wconf 87' lang='lat' dir='ltr'><strong>sensu</strong></span> <span class='ocrx_word' id='word_1_106' title='bbox 1217 1265 1540 1344; x_wconf 85' lang='lat' dir='ltr'><strong>Apostolus</strong></span> <span class='ocrx_word' id='word_1_107' title='bbox 1569 1265 1827 1344; x_wconf 87' lang='lat' dir='ltr'><strong>loquitur</strong></span> <span class='ocrx_word' id='word_1_108' title='bbox 1854 1265 1925 1324; x_wconf 86' lang='lat' dir='ltr'><strong>de</strong></span> <span class='ocrx_word' id='word_1_109' title='bbox 1952 1265 2026 1325; x_wconf 86' lang='lat' dir='ltr'><strong>iis</strong></span> <span class='ocrx_word' id='word_1_110' title='bbox 2054 1265 2155 1342; x_wconf 90' lang='lat' dir='ltr'><strong>qui</strong></span> <span class='ocrx_word' id='word_1_111' title='bbox 2181 1264 2507 1324; x_wconf 78' lang='lat' dir='ltr'><strong>voluntarie</strong></span> <span class='ocrx_word' id='word_1_112' title='bbox 2534 1273 2795 1342; x_wconf 89' lang='lat' dir='ltr'><strong>peccant,</strong></span> <span class='ocrx_word' id='word_1_113' title='bbox 2826 1283 2957 1322; x_wconf 83' lang='lat' dir='ltr'><strong>nam</strong></span> 
     </span>
     <span class='ocr_line' id='line_1_12' title="bbox 551 1344 2961 1425; baseline -0.002 -18"><span class='ocrx_word' id='word_1_114' title='bbox 551 1348 854 1407; x_wconf 88' lang='lat' dir='ltr'><strong>innumera</strong></span> <span class='ocrx_word' id='word_1_115' title='bbox 897 1355 1032 1407; x_wconf 87' lang='lat' dir='ltr'><strong>sunt</strong></span> <span class='ocrx_word' id='word_1_116' title='bbox 1073 1355 1310 1424; x_wconf 88' lang='lat' dir='ltr'><strong>peccata</strong></span> <span class='ocrx_word' id='word_1_117' title='bbox 1353 1367 1483 1425; x_wconf 83' lang='lat' dir='ltr'><strong>quae</strong></span> <span class='ocrx_word' id='word_1_118' title='bbox 1526 1347 1778 1404; x_wconf 83' lang='lat' dir='ltr'><strong>maxime</strong></span> <span class='ocrx_word' id='word_1_119' title='bbox 1824 1353 1959 1404; x_wconf 89' lang='lat' dir='ltr'><strong>sunt</strong></span> <span class='ocrx_word' id='word_1_120' title='bbox 1998 1345 2265 1406; x_wconf 84' lang='lat' dir='ltr'><strong>ultronea</strong></span> <span class='ocrx_word' id='word_1_121' title='bbox 2303 1344 2515 1423; x_wconf 89' lang='lat' dir='ltr'><strong>quibus</strong></span> <span class='ocrx_word' id='word_1_122' title='bbox 2554 1353 2751 1404; x_wconf 87' lang='lat' dir='ltr'><strong>tamen</strong></span> <span class='ocrx_word' id='word_1_123' title='bbox 2789 1344 2961 1403; x_wconf 84' lang='lat' dir='ltr'><strong>venis</strong></span> 
     </span>
     <span class='ocr_line' id='line_1_13' title="bbox 553 1424 2958 1504; baseline -0.002 -17"><span class='ocrx_word' id='word_1_124' title='bbox 553 1428 924 1504; x_wconf 87' lang='lat' dir='ltr'><strong>conceditur;</strong></span> <span class='ocrx_word' id='word_1_125' title='bbox 972 1426 1166 1486; x_wconf 88' lang='lat' dir='ltr'><strong>David</strong></span> <span class='ocrx_word' id='word_1_126' title='bbox 1205 1435 1409 1504; x_wconf 87' lang='lat' dir='ltr'><strong>sponte</strong></span> <span class='ocrx_word' id='word_1_127' title='bbox 1447 1433 1505 1486; x_wconf 92' lang='lat' dir='ltr'><strong>et</strong></span> <span class='ocrx_word' id='word_1_128' title='bbox 1545 1426 1775 1486; x_wconf 88' lang='lat' dir='ltr'><strong>nemine</strong></span> <span class='ocrx_word' id='word_1_129' title='bbox 1819 1432 2063 1503; x_wconf 82' lang='lat' dir='ltr'><strong>cogente</strong></span> <span class='ocrx_word' id='word_1_130' title='bbox 2107 1425 2453 1484; x_wconf 77' lang='lat' dir='ltr'><strong>adulterium</strong></span> <span class='ocrx_word' id='word_1_131' title='bbox 2491 1433 2551 1484; x_wconf 90' lang='lat' dir='ltr'><strong>et</strong></span> <span class='ocrx_word' id='word_1_132' title='bbox 2586 1424 2958 1484; x_wconf 85' lang='lat' dir='ltr'><strong>homicidium</strong></span> 
     </span>
     <span class='ocr_line' id='line_1_14' title="bbox 555 1505 2963 1584; baseline -0.002 -17"><span class='ocrx_word' id='word_1_133' title='bbox 555 1508 859 1584; x_wconf 83' lang='lat' dir='ltr'><strong>commisit,</strong></span> <span class='ocrx_word' id='word_1_134' title='bbox 902 1507 1109 1566; x_wconf 85' lang='lat' dir='ltr'><strong>Petrus</strong></span> <span class='ocrx_word' id='word_1_135' title='bbox 1149 1507 1356 1566; x_wconf 85' lang='lat' dir='ltr'><strong>volens</strong></span> <span class='ocrx_word' id='word_1_136' title='bbox 1395 1515 1454 1566; x_wconf 91' lang='lat' dir='ltr'><strong>et</strong></span> <span class='ocrx_word' id='word_1_137' title='bbox 1494 1506 1811 1566; x_wconf 90' lang='lat' dir='ltr'><strong>deliberato</strong></span> <span class='ocrx_word' id='word_1_138' title='bbox 1851 1506 2043 1565; x_wconf 87' lang='lat' dir='ltr'><strong>animo</strong></span> <span class='ocrx_word' id='word_1_139' title='bbox 2088 1505 2401 1564; x_wconf 89' lang='lat' dir='ltr'><strong>Dominum</strong></span> <span class='ocrx_word' id='word_1_140' title='bbox 2442 1523 2611 1565; x_wconf 87' lang='lat' dir='ltr'><strong>suum</strong></span> <span class='ocrx_word' id='word_1_141' title='bbox 2648 1505 2963 1582; x_wconf 76' lang='lat' dir='ltr'><strong>abnegavit</strong></span> 
     </span>
     <span class='ocr_line' id='line_1_15' title="bbox 553 1584 2959 1665; baseline -0.002 -19"><span class='ocrx_word' id='word_1_142' title='bbox 553 1607 672 1646; x_wconf 85' lang='lat' dir='ltr'><strong>non</strong></span> <span class='ocrx_word' id='word_1_143' title='bbox 695 1588 873 1646; x_wconf 89' lang='lat' dir='ltr'><strong>semel</strong></span> <span class='ocrx_word' id='word_1_144' title='bbox 893 1587 997 1645; x_wconf 91' lang='lat' dir='ltr'><strong>sed</strong></span> <span class='ocrx_word' id='word_1_145' title='bbox 1017 1586 1109 1646; x_wconf 89' lang='lat' dir='ltr'><strong>bis</strong></span> <span class='ocrx_word' id='word_1_146' title='bbox 1125 1593 1306 1662; x_wconf 86' lang='lat' dir='ltr'><strong>terve,</strong></span> <span class='ocrx_word' id='word_1_147' title='bbox 1327 1594 1386 1645; x_wconf 88' lang='lat' dir='ltr'><strong>et</strong></span> <span class='ocrx_word' id='word_1_148' title='bbox 1401 1595 1596 1646; x_wconf 88' lang='lat' dir='ltr'><strong>tamen</strong></span> <span class='ocrx_word' id='word_1_149' title='bbox 1615 1593 1857 1665; x_wconf 88' lang='lat' dir='ltr'><strong>uterque</strong></span> <span class='ocrx_word' id='word_1_150' title='bbox 1876 1586 1939 1644; x_wconf 90' lang='lat' dir='ltr'><strong>in</strong></span> <span class='ocrx_word' id='word_1_151' title='bbox 1960 1584 2206 1663; x_wconf 82' lang='lat' dir='ltr'><strong>gratiam</strong></span> <span class='ocrx_word' id='word_1_152' title='bbox 2227 1593 2493 1664; x_wconf 86' lang='lat' dir='ltr'><strong>receptus</strong></span> <span class='ocrx_word' id='word_1_153' title='bbox 2510 1593 2613 1644; x_wconf 89' lang='lat' dir='ltr'><strong>est.</strong></span> <span class='ocrx_word' id='word_1_154' title='bbox 2672 1585 2832 1662; x_wconf 86' lang='lat' dir='ltr'><strong>Ergo</strong></span> <span class='ocrx_word' id='word_1_155' title='bbox 2862 1585 2959 1642; x_wconf 90' lang='lat' dir='ltr'><strong>hic</strong></span> 
     </span>
     <span class='ocr_line' id='line_1_16' title="bbox 552 1663 2959 1743; baseline -0.002 -17"><span class='ocrx_word' id='word_1_156' title='bbox 552 1669 863 1726; x_wconf 78' lang='lat' dir='ltr'><strong>voluntarie</strong></span> <span class='ocrx_word' id='word_1_157' title='bbox 898 1685 1143 1743; x_wconf 82' lang='lat' dir='ltr'><strong>peccare</strong></span> <span class='ocrx_word' id='word_1_158' title='bbox 1190 1665 1436 1725; x_wconf 86' lang='lat' dir='ltr'><strong>sumitur</strong></span> <span class='ocrx_word' id='word_1_159' title='bbox 1483 1685 1658 1726; x_wconf 89' lang='lat' dir='ltr'><strong>sensu</strong></span> <span class='ocrx_word' id='word_1_160' title='bbox 1704 1665 1957 1743; x_wconf 89' lang='lat' dir='ltr'><strong>quodam</strong></span> <span class='ocrx_word' id='word_1_161' title='bbox 2004 1665 2325 1743; x_wconf 88' lang='lat' dir='ltr'><strong>angustiori</strong></span> <span class='ocrx_word' id='word_1_162' title='bbox 2372 1684 2477 1743; x_wconf 90' lang='lat' dir='ltr'><strong>pro</strong></span> <span class='ocrx_word' id='word_1_163' title='bbox 2520 1673 2753 1742; x_wconf 87' lang='lat' dir='ltr'><strong>peccato</strong></span> <span class='ocrx_word' id='word_1_164' title='bbox 2796 1663 2959 1740; x_wconf 93' lang='lat' dir='ltr'><strong>quod</strong></span> 
     </span>
     <span class='ocr_line' id='line_1_17' title="bbox 551 1743 2957 1825; baseline -0.001 -21"><span class='ocrx_word' id='word_1_165' title='bbox 551 1747 725 1825; x_wconf 90' lang='lat' dir='ltr'><strong>pleno</strong></span> <span class='ocrx_word' id='word_1_166' title='bbox 763 1765 1048 1804; x_wconf 88' lang='lat' dir='ltr'><strong>consensu</strong></span> <span class='ocrx_word' id='word_1_167' title='bbox 1083 1753 1458 1822; x_wconf 86' lang='lat' dir='ltr'><strong>perpetratur,</strong></span> <span class='ocrx_word' id='word_1_168' title='bbox 1504 1747 1724 1822; x_wconf 88' lang='lat' dir='ltr'><strong>absque</strong></span> <span class='ocrx_word' id='word_1_169' title='bbox 1750 1745 1872 1804; x_wconf 90' lang='lat' dir='ltr'><strong>ulla</strong></span> <span class='ocrx_word' id='word_1_170' title='bbox 1897 1746 2055 1805; x_wconf 89' lang='lat' dir='ltr'><strong>lucta</strong></span> <span class='ocrx_word' id='word_1_171' title='bbox 2081 1746 2180 1804; x_wconf 90' lang='lat' dir='ltr'><strong>vel</strong></span> <span class='ocrx_word' id='word_1_172' title='bbox 2206 1745 2423 1823; x_wconf 91' lang='lat' dir='ltr'><strong>dolore,</strong></span> <span class='ocrx_word' id='word_1_173' title='bbox 2454 1745 2743 1804; x_wconf 86' lang='lat' dir='ltr'><strong>voluntate</strong></span> <span class='ocrx_word' id='word_1_174' title='bbox 2770 1743 2957 1802; x_wconf 76' lang='lat' dir='ltr'><strong>obsti-</strong></span> 
     </span>
     <span class='ocr_line' id='line_1_18' title="bbox 551 1823 2963 1904; baseline -0.001 -20"><span class='ocrx_word' id='word_1_175' title='bbox 551 1833 690 1884; x_wconf 88' lang='lat' dir='ltr'><strong>nata</strong></span> <span class='ocrx_word' id='word_1_176' title='bbox 715 1846 834 1884; x_wconf 91' lang='lat' dir='ltr'><strong>non</strong></span> <span class='ocrx_word' id='word_1_177' title='bbox 865 1825 1053 1884; x_wconf 85' lang='lat' dir='ltr'><strong>solum</strong></span> <span class='ocrx_word' id='word_1_178' title='bbox 1091 1824 1511 1902; x_wconf 84' lang='lat' dir='ltr'><strong>antecedenter,</strong></span> <span class='ocrx_word' id='word_1_179' title='bbox 1556 1825 1661 1885; x_wconf 90' lang='lat' dir='ltr'><strong>sed</strong></span> <span class='ocrx_word' id='word_1_180' title='bbox 1688 1831 1747 1884; x_wconf 89' lang='lat' dir='ltr'><strong>et</strong></span> <span class='ocrx_word' id='word_1_181' title='bbox 1774 1835 2208 1904; x_wconf 84' lang='lat' dir='ltr'><strong>consequenter,</strong></span> <span class='ocrx_word' id='word_1_182' title='bbox 2238 1826 2395 1903; x_wconf 89' lang='lat' dir='ltr'><strong>quod</strong></span> <span class='ocrx_word' id='word_1_183' title='bbox 2422 1825 2674 1884; x_wconf 83' lang='lat' dir='ltr'><strong>diximus</strong></span> <span class='ocrx_word' id='word_1_184' title='bbox 2700 1831 2871 1884; x_wconf 86' lang='lat' dir='ltr'><strong>autea</strong></span> <span class='ocrx_word' id='word_1_185' title='bbox 2895 1823 2963 1880; x_wconf 90' lang='lat' dir='ltr'><strong>in</strong></span> 
     </span>
     <span class='ocr_line' id='line_1_19' title="bbox 555 1903 2963 1984; baseline -0.001 -19"><span class='ocrx_word' id='word_1_186' title='bbox 555 1906 692 1966; x_wconf 89' lang='lat' dir='ltr'><strong>Vet.</strong></span> <span class='ocrx_word' id='word_1_187' title='bbox 721 1906 879 1965; x_wconf 84' lang='lat' dir='ltr'><strong>Test.</strong></span> <span class='ocrx_word' id='word_1_188' title='bbox 911 1923 1036 1964; x_wconf 90' lang='lat' dir='ltr'><strong>esse</strong></span> <span class='ocrx_word' id='word_1_189' title='bbox 1076 1906 1310 1981; x_wconf 76' lang='lat' dir='ltr'><strong>superbe</strong></span> <span class='ocrx_word' id='word_1_190' title='bbox 1349 1924 1522 1981; x_wconf 74' lang='lat' dir='ltr'><strong>aqere</strong></span> <span class='ocrx_word' id='word_1_191' title='bbox 1557 1914 1616 1966; x_wconf 92' lang='lat' dir='ltr'><strong>et</strong></span> <span class='ocrx_word' id='word_1_192' title='bbox 1654 1925 1827 1964; x_wconf 85' lang='lat' dir='ltr'><strong>manu</strong></span> <span class='ocrx_word' id='word_1_193' title='bbox 1862 1909 2015 1966; x_wconf 81' lang='lat' dir='ltr'><strong>elata</strong></span> <span class='ocrx_word' id='word_1_194' title='bbox 2051 1925 2307 1984; x_wconf 87' lang='lat' dir='ltr'><strong>peccare,</strong></span> <span class='ocrx_word' id='word_1_195' title='bbox 2346 1909 2572 1971; x_wconf 64' lang='grc' dir='ltr'><strong>ἑκουσίως</strong></span> <span class='ocrx_word' id='word_1_196' title='bbox 2600 1905 2753 1964; x_wconf 91' lang='lat' dir='ltr'><strong>enim</strong></span> <span class='ocrx_word' id='word_1_197' title='bbox 2778 1903 2963 1980; x_wconf 86' lang='lat' dir='ltr'><strong>vulgo</strong></span> 
     </span>
     <span class='ocr_line' id='line_1_20' title="bbox 554 1984 2964 2064; baseline -0.001 -19"><span class='ocrx_word' id='word_1_198' title='bbox 554 1985 682 2046; x_wconf 89' lang='lat' dir='ltr'><strong>fieri</strong></span> <span class='ocrx_word' id='word_1_199' title='bbox 721 1986 993 2045; x_wconf 89' lang='lat' dir='ltr'><strong>dicuntur</strong></span> <span class='ocrx_word' id='word_1_200' title='bbox 1031 2004 1162 2063; x_wconf 85' lang='lat' dir='ltr'><strong>quae</strong></span> <span class='ocrx_word' id='word_1_201' title='bbox 1201 1985 1285 2045; x_wconf 85' lang='lat' dir='ltr'><strong>ita</strong></span> <span class='ocrx_word' id='word_1_202' title='bbox 1324 1993 1529 2064; x_wconf 86' lang='lat' dir='ltr'><strong>sponte</strong></span> <span class='ocrx_word' id='word_1_203' title='bbox 1571 2005 1607 2044; x_wconf 87' lang='lat' dir='ltr'><strong>a</strong></span> <span class='ocrx_word' id='word_1_204' title='bbox 1646 1985 1855 2063; x_wconf 89' lang='lat' dir='ltr'><strong>quovis</strong></span> <span class='ocrx_word' id='word_1_205' title='bbox 1895 1985 2289 2063; x_wconf 84' lang='lat' dir='ltr'><strong>designantur,</strong></span> <span class='ocrx_word' id='word_1_206' title='bbox 2330 1994 2395 2046; x_wconf 87' lang='lat' dir='ltr'><strong>ut</strong></span> <span class='ocrx_word' id='word_1_207' title='bbox 2432 1987 2620 2045; x_wconf 84' lang='lat' dir='ltr'><strong>omnis</strong></span> <span class='ocrx_word' id='word_1_208' title='bbox 2648 2005 2763 2044; x_wconf 89' lang='lat' dir='ltr'><strong>non</strong></span> <span class='ocrx_word' id='word_1_209' title='bbox 2790 1984 2964 2042; x_wconf 89' lang='lat' dir='ltr'><strong>modo</strong></span> 
     </span>
     <span class='ocr_line' id='line_1_21' title="bbox 555 2065 2964 2145; baseline -0.002 -19"><span class='ocrx_word' id='word_1_210' title='bbox 555 2066 899 2145; x_wconf 75' lang='lat' dir='ltr'><strong>ignorantiae</strong></span> <span class='ocrx_word' id='word_1_211' title='bbox 927 2073 986 2126; x_wconf 89' lang='lat' dir='ltr'><strong>et</strong></span> <span class='ocrx_word' id='word_1_212' title='bbox 1013 2067 1238 2143; x_wconf 78' lang='lat' dir='ltr'><strong>erroriS,</strong></span> <span class='ocrx_word' id='word_1_213' title='bbox 1284 2065 1388 2125; x_wconf 90' lang='lat' dir='ltr'><strong>sed</strong></span> <span class='ocrx_word' id='word_1_214' title='bbox 1413 2073 1602 2126; x_wconf 90' lang='lat' dir='ltr'><strong>metus</strong></span> <span class='ocrx_word' id='word_1_215' title='bbox 1631 2073 1690 2125; x_wconf 89' lang='lat' dir='ltr'><strong>et</strong></span> <span class='ocrx_word' id='word_1_216' title='bbox 1716 2065 2007 2126; x_wconf 71' lang='lat' dir='ltr'><strong>violentias</strong></span> <span class='ocrx_word' id='word_1_217' title='bbox 2038 2067 2290 2144; x_wconf 88' lang='lat' dir='ltr'><strong>suspicio</strong></span> <span class='ocrx_word' id='word_1_218' title='bbox 2316 2065 2487 2126; x_wconf 85' lang='lat' dir='ltr'><strong>absit.</strong></span> <span class='ocrx_word' id='word_1_219' title='bbox 2553 2066 2695 2141; x_wconf 84' lang='lat' dir='ltr'><strong>Quae</strong></span> <span class='ocrx_word' id='word_1_220' title='bbox 2722 2065 2964 2124; x_wconf 83' lang='lat' dir='ltr'><strong>facimus</strong></span> 
     </span>
     <span class='ocr_line' id='line_1_22' title="bbox 557 2144 2962 2225; baseline -0.002 -19"><span class='ocrx_word' id='word_1_221' title='bbox 557 2155 717 2206; x_wconf 89' lang='lat' dir='ltr'><strong>metu</strong></span> <span class='ocrx_word' id='word_1_222' title='bbox 743 2147 982 2223; x_wconf 89' lang='lat' dir='ltr'><strong>inducti,</strong></span> <span class='ocrx_word' id='word_1_223' title='bbox 1012 2147 1114 2206; x_wconf 88' lang='lat' dir='ltr'><strong>illa</strong></span> <span class='ocrx_word' id='word_1_224' title='bbox 1135 2147 1307 2206; x_wconf 84' lang='lat' dir='ltr'><strong>inviti</strong></span> <span class='ocrx_word' id='word_1_225' title='bbox 1328 2146 1515 2206; x_wconf 84' lang='lat' dir='ltr'><strong>facere</strong></span> <span class='ocrx_word' id='word_1_226' title='bbox 1536 2145 1920 2225; x_wconf 89' lang='lat' dir='ltr'><strong>perhibemur,</strong></span> <span class='ocrx_word' id='word_1_227' title='bbox 1945 2155 2231 2224; x_wconf 86' lang='lat' dir='ltr'><strong>repugnat</strong></span> <span class='ocrx_word' id='word_1_228' title='bbox 2250 2146 2403 2206; x_wconf 91' lang='lat' dir='ltr'><strong>enim</strong></span> <span class='ocrx_word' id='word_1_229' title='bbox 2424 2167 2589 2206; x_wconf 89' lang='lat' dir='ltr'><strong>mens</strong></span> <span class='ocrx_word' id='word_1_230' title='bbox 2610 2144 2962 2224; x_wconf 83' lang='lat' dir='ltr'><strong>aliquandiu,</strong></span> 
     </span>
     <span class='ocr_line' id='line_1_23' title="bbox 558 2227 2968 2306; baseline -0.001 -19"><span class='ocrx_word' id='word_1_231' title='bbox 558 2237 617 2287; x_wconf 89' lang='lat' dir='ltr'><strong>et</strong></span> <span class='ocrx_word' id='word_1_232' title='bbox 645 2228 696 2286; x_wconf 90' lang='lat' dir='ltr'><strong>si</strong></span> <span class='ocrx_word' id='word_1_233' title='bbox 722 2235 881 2286; x_wconf 88' lang='lat' dir='ltr'><strong>metu</strong></span> <span class='ocrx_word' id='word_1_234' title='bbox 905 2227 1064 2286; x_wconf 87' lang='lat' dir='ltr'><strong>victa</strong></span> <span class='ocrx_word' id='word_1_235' title='bbox 1089 2236 1291 2305; x_wconf 86' lang='lat' dir='ltr'><strong>postea</strong></span> <span class='ocrx_word' id='word_1_236' title='bbox 1319 2228 1674 2303; x_wconf 84' lang='lat' dir='ltr'><strong>succumbat,</strong></span> <span class='ocrx_word' id='word_1_237' title='bbox 1712 2234 1779 2286; x_wconf 91' lang='lat' dir='ltr'><strong>ut</strong></span> <span class='ocrx_word' id='word_1_238' title='bbox 1816 2227 1917 2304; x_wconf 92' lang='lat' dir='ltr'><strong>qui</strong></span> <span class='ocrx_word' id='word_1_239' title='bbox 1952 2246 2173 2287; x_wconf 87' lang='lat' dir='ltr'><strong>merces</strong></span> <span class='ocrx_word' id='word_1_240' title='bbox 2209 2227 2269 2284; x_wconf 91' lang='lat' dir='ltr'><strong>in</strong></span> <span class='ocrx_word' id='word_1_241' title='bbox 2306 2245 2462 2286; x_wconf 89' lang='lat' dir='ltr'><strong>mare</strong></span> <span class='ocrx_word' id='word_1_242' title='bbox 2490 2228 2680 2306; x_wconf 86' lang='lat' dir='ltr'><strong>jactat</strong></span> <span class='ocrx_word' id='word_1_243' title='bbox 2706 2245 2781 2285; x_wconf 87' lang='lat' dir='ltr'><strong>ex</strong></span> <span class='ocrx_word' id='word_1_244' title='bbox 2806 2233 2968 2284; x_wconf 88' lang='lat' dir='ltr'><strong>metu</strong></span> 
     </span>
     <span class='ocr_line' id='line_1_24' title="bbox 555 2304 2967 2384; baseline -0.001 -20"><span class='ocrx_word' id='word_1_245' title='bbox 555 2307 862 2384; x_wconf 86' lang='lat' dir='ltr'><strong>naufragii,</strong></span> <span class='ocrx_word' id='word_1_246' title='bbox 891 2305 1031 2365; x_wconf 86' lang='lat' dir='ltr'><strong>facit</strong></span> <span class='ocrx_word' id='word_1_247' title='bbox 1058 2307 1290 2383; x_wconf 89' lang='lat' dir='ltr'><strong>quidem</strong></span> <span class='ocrx_word' id='word_1_248' title='bbox 1319 2306 1466 2365; x_wconf 91' lang='lat' dir='ltr'><strong>illud</strong></span> <span class='ocrx_word' id='word_1_249' title='bbox 1486 2307 1709 2383; x_wconf 78' lang='lat' dir='ltr'><strong>volenS,</strong></span> <span class='ocrx_word' id='word_1_250' title='bbox 1741 2306 1845 2365; x_wconf 89' lang='lat' dir='ltr'><strong>sed</strong></span> <span class='ocrx_word' id='word_1_251' title='bbox 1872 2315 1931 2366; x_wconf 91' lang='lat' dir='ltr'><strong>et</strong></span> <span class='ocrx_word' id='word_1_252' title='bbox 1956 2307 2177 2366; x_wconf 87' lang='lat' dir='ltr'><strong>invitus</strong></span> <span class='ocrx_word' id='word_1_253' title='bbox 2204 2305 2647 2384; x_wconf 86' lang='lat' dir='ltr'><strong>quodammodo,</strong></span> <span class='ocrx_word' id='word_1_254' title='bbox 2678 2306 2791 2364; x_wconf 88' lang='lat' dir='ltr'><strong>nisi</strong></span> <span class='ocrx_word' id='word_1_255' title='bbox 2814 2304 2967 2364; x_wconf 87' lang='lat' dir='ltr'><strong>enim</strong></span> 
     </span>
     <span class='ocr_line' id='line_1_25' title="bbox 558 2385 2966 2465; baseline 0 -22"><span class='ocrx_word' id='word_1_256' title='bbox 558 2386 884 2444; x_wconf 86' lang='lat' dir='ltr'><strong>immineret</strong></span> <span class='ocrx_word' id='word_1_257' title='bbox 911 2387 1229 2462; x_wconf 89' lang='lat' dir='ltr'><strong>periculum</strong></span> <span class='ocrx_word' id='word_1_258' title='bbox 1257 2405 1375 2444; x_wconf 89' lang='lat' dir='ltr'><strong>non</strong></span> <span class='ocrx_word' id='word_1_259' title='bbox 1402 2385 1635 2460; x_wconf 87' lang='lat' dir='ltr'><strong>faceret,</strong></span> <span class='ocrx_word' id='word_1_260' title='bbox 1667 2385 1825 2464; x_wconf 92' lang='lat' dir='ltr'><strong>quod</strong></span> <span class='ocrx_word' id='word_1_261' title='bbox 1853 2387 2146 2446; x_wconf 85' lang='lat' dir='ltr'><strong>Homerus</strong></span> <span class='ocrx_word' id='word_1_262' title='bbox 2172 2386 2324 2446; x_wconf 84' lang='lat' dir='ltr'><strong>dixit</strong></span> <span class='ocrx_word' id='word_1_263' title='bbox 2352 2387 2649 2465; x_wconf 82' lang='lat' dir='ltr'><strong>eleganter</strong></span> <span class='ocrx_word' id='word_1_264' title='bbox 2674 2385 2966 2445; x_wconf 86' lang='lat' dir='ltr'><strong>hominem</strong></span> 
     </span>
     <span class='ocr_line' id='line_1_26' title="bbox 559 2463 2970 2541; baseline 0 -18"><span class='ocrx_word' id='word_1_265' title='bbox 559 2463 748 2523; x_wconf 81' lang='lat' dir='ltr'><strong>facere</strong></span> <span class='ocrx_word' id='word_1_266' title='bbox 775 2463 946 2523; x_wconf 61' lang='grc' dir='ltr'><strong>ἵκοντι</strong></span> <span class='ocrx_word' id='word_1_267' title='bbox 972 2464 1156 2523; x_wconf 61' lang='lat' dir='ltr'><strong>dudm</strong></span> <span class='ocrx_word' id='word_1_268' title='bbox 1184 2489 1244 2537; x_wconf 70' lang='grc' dir='ltr'><strong>γι</strong></span> <span class='ocrx_word' id='word_1_269' title='bbox 1269 2467 1439 2541; x_wconf 67' lang='grc' dir='ltr'><strong>θνμᾷ.</strong></span> <span class='ocrx_word' id='word_1_270' title='bbox 1526 2465 1610 2524; x_wconf 85' lang='grc' dir='ltr'><strong>Αι</strong></span> <span class='ocrx_word' id='word_1_271' title='bbox 1636 2464 1739 2524; x_wconf 87' lang='lat' dir='ltr'><strong>ubi</strong></span> <span class='ocrx_word' id='word_1_272' title='bbox 1767 2466 1955 2525; x_wconf 87' lang='lat' dir='ltr'><strong>omnis</strong></span> <span class='ocrx_word' id='word_1_273' title='bbox 1981 2474 2173 2525; x_wconf 88' lang='lat' dir='ltr'><strong>metus</strong></span> <span class='ocrx_word' id='word_1_274' title='bbox 2200 2475 2258 2525; x_wconf 90' lang='lat' dir='ltr'><strong>et</strong></span> <span class='ocrx_word' id='word_1_275' title='bbox 2285 2467 2563 2526; x_wconf 85' lang='lat' dir='ltr'><strong>violentia</strong></span> <span class='ocrx_word' id='word_1_276' title='bbox 2590 2467 2773 2541; x_wconf 85' lang='lat' dir='ltr'><strong>abest,</strong></span> <span class='ocrx_word' id='word_1_277' title='bbox 2803 2465 2970 2524; x_wconf 85' lang='lat' dir='ltr'><strong>adest</strong></span> 
     </span>
     <span class='ocr_line' id='line_1_27' title="bbox 559 2543 2971 2626; baseline 0 -24"><span class='ocrx_word' id='word_1_278' title='bbox 559 2551 784 2603; x_wconf 81' lang='lat' dir='ltr'><strong>tantum</strong></span> <span class='ocrx_word' id='word_1_279' title='bbox 823 2545 1182 2604; x_wconf 87' lang='lat' dir='ltr'><strong>contumacia</strong></span> <span class='ocrx_word' id='word_1_280' title='bbox 1222 2553 1282 2604; x_wconf 90' lang='lat' dir='ltr'><strong>et</strong></span> <span class='ocrx_word' id='word_1_281' title='bbox 1315 2543 1574 2621; x_wconf 89' lang='lat' dir='ltr'><strong>rebellio,</strong></span> <span class='ocrx_word' id='word_1_282' title='bbox 1613 2545 1699 2604; x_wconf 90' lang='lat' dir='ltr'><strong>ibi</strong></span> <span class='ocrx_word' id='word_1_283' title='bbox 1736 2553 1823 2604; x_wconf 87' lang='lat' dir='ltr'><strong>est</strong></span> <span class='ocrx_word' id='word_1_284' title='bbox 1842 2544 2048 2612; x_wconf 73' lang='grc' dir='ltr'><strong>ἔκοΰσπς</strong></span> <span class='ocrx_word' id='word_1_285' title='bbox 2076 2548 2306 2626; x_wconf 55' lang='lat' dir='ltr'><strong>§merla</strong></span> <span class='ocrx_word' id='word_1_286' title='bbox 2336 2567 2441 2624; x_wconf 90' lang='lat' dir='ltr'><strong>pro</strong></span> <span class='ocrx_word' id='word_1_287' title='bbox 2468 2567 2585 2625; x_wconf 86' lang='lat' dir='ltr'><strong>qua</strong></span> <span class='ocrx_word' id='word_1_288' title='bbox 2611 2546 2773 2606; x_wconf 86' lang='lat' dir='ltr'><strong>nulla</strong></span> <span class='ocrx_word' id='word_1_289' title='bbox 2800 2546 2971 2604; x_wconf 87' lang='lat' dir='ltr'><strong>datur</strong></span> 
     </span>
     <span class='ocr_line' id='line_1_28' title="bbox 559 2623 2972 2702; baseline 0 -20"><span class='ocrx_word' id='word_1_290' title='bbox 559 2623 767 2700; x_wconf 88' lang='lat' dir='ltr'><strong>hostia,</strong></span> <span class='ocrx_word' id='word_1_291' title='bbox 808 2623 1066 2702; x_wconf 88' lang='lat' dir='ltr'><strong>quandiu</strong></span> <span class='ocrx_word' id='word_1_292' title='bbox 1106 2624 1259 2684; x_wconf 88' lang='lat' dir='ltr'><strong>enim</strong></span> <span class='ocrx_word' id='word_1_293' title='bbox 1301 2632 1600 2702; x_wconf 90' lang='lat' dir='ltr'><strong>peccatum</strong></span> <span class='ocrx_word' id='word_1_294' title='bbox 1642 2633 1731 2684; x_wconf 89' lang='lat' dir='ltr'><strong>est</strong></span> <span class='ocrx_word' id='word_1_295' title='bbox 1766 2625 1850 2685; x_wconf 87' lang='lat' dir='ltr'><strong>ita</strong></span> <span class='ocrx_word' id='word_1_296' title='bbox 1881 2627 2272 2686; x_wconf 89' lang='lat' dir='ltr'><strong>voluntarium</strong></span> <span class='ocrx_word' id='word_1_297' title='bbox 2311 2635 2376 2686; x_wconf 89' lang='lat' dir='ltr'><strong>ut</strong></span> <span class='ocrx_word' id='word_1_298' title='bbox 2414 2627 2665 2686; x_wconf 83' lang='lat' dir='ltr'><strong>insideat</strong></span> <span class='ocrx_word' id='word_1_299' title='bbox 2692 2625 2883 2686; x_wconf 86' lang='lat' dir='ltr'><strong>animo</strong></span> <span class='ocrx_word' id='word_1_300' title='bbox 2911 2633 2972 2684; x_wconf 89' lang='lat' dir='ltr'><strong>et</strong></span> 
     </span>
     <span class='ocr_line' id='line_1_29' title="bbox 561 2703 2975 2783; baseline 0 -19"><span class='ocrx_word' id='word_1_301' title='bbox 561 2703 899 2765; x_wconf 77' lang='lat' dir='ltr'><strong>adlubesoat</strong></span> <span class='ocrx_word' id='word_1_302' title='bbox 934 2705 1222 2765; x_wconf 86' lang='lat' dir='ltr'><strong>voluntati</strong></span> <span class='ocrx_word' id='word_1_303' title='bbox 1269 2712 1336 2765; x_wconf 91' lang='lat' dir='ltr'><strong>ut</strong></span> <span class='ocrx_word' id='word_1_304' title='bbox 1381 2704 1643 2783; x_wconf 86' lang='lat' dir='ltr'><strong>perficiat</strong></span> <span class='ocrx_word' id='word_1_305' title='bbox 1688 2705 1875 2783; x_wconf 88' lang='lat' dir='ltr'><strong>ipsum</strong></span> <span class='ocrx_word' id='word_1_306' title='bbox 1926 2707 2174 2767; x_wconf 86' lang='lat' dir='ltr'><strong>scienter</strong></span> <span class='ocrx_word' id='word_1_307' title='bbox 2214 2717 2274 2767; x_wconf 90' lang='lat' dir='ltr'><strong>et</strong></span> <span class='ocrx_word' id='word_1_308' title='bbox 2316 2707 2732 2767; x_wconf 87' lang='lat' dir='ltr'><strong>contumaciter</strong></span> <span class='ocrx_word' id='word_1_309' title='bbox 2772 2713 2975 2766; x_wconf 82' lang='lat' dir='ltr'><strong>contra</strong></span> 
     </span>
     <span class='ocr_line' id='line_1_30' title="bbox 563 2784 2971 2866; baseline -0 -22"><span class='ocrx_word' id='word_1_310' title='bbox 563 2784 771 2862; x_wconf 91' lang='lat' dir='ltr'><strong>Deum,</strong></span> <span class='ocrx_word' id='word_1_311' title='bbox 801 2785 1003 2846; x_wconf 83' lang='lat' dir='ltr'><strong>tandiu</strong></span> <span class='ocrx_word' id='word_1_312' title='bbox 1031 2793 1120 2846; x_wconf 91' lang='lat' dir='ltr'><strong>est</strong></span> <span class='ocrx_word' id='word_1_313' title='bbox 1147 2784 1520 2864; x_wconf 87' lang='lat' dir='ltr'><strong>impossibilis</strong></span> <span class='ocrx_word' id='word_1_314' title='bbox 1549 2786 1675 2864; x_wconf 93' lang='lat' dir='ltr'><strong>ejus</strong></span> <span class='ocrx_word' id='word_1_315' title='bbox 1702 2785 1981 2863; x_wconf 88' lang='lat' dir='ltr'><strong>remissio,</strong></span> <span class='ocrx_word' id='word_1_316' title='bbox 2018 2794 2079 2846; x_wconf 88' lang='lat' dir='ltr'><strong>et</strong></span> <span class='ocrx_word' id='word_1_317' title='bbox 2106 2807 2221 2866; x_wconf 90' lang='lat' dir='ltr'><strong>quo</strong></span> <span class='ocrx_word' id='word_1_318' title='bbox 2248 2788 2436 2865; x_wconf 86' lang='lat' dir='ltr'><strong>magis</strong></span> <span class='ocrx_word' id='word_1_319' title='bbox 2462 2794 2553 2847; x_wconf 89' lang='lat' dir='ltr'><strong>est</strong></span> <span class='ocrx_word' id='word_1_320' title='bbox 2579 2785 2971 2846; x_wconf 81' lang='lat' dir='ltr'><strong>voluntarium</strong></span> 
     </span>
     <span class='ocr_line' id='line_1_31' title="bbox 559 2865 2974 2946; baseline -0.002 -20"><span class='ocrx_word' id='word_1_321' title='bbox 559 2873 620 2926; x_wconf 90' lang='lat' dir='ltr'><strong>et</strong></span> <span class='ocrx_word' id='word_1_322' title='bbox 647 2866 1014 2945; x_wconf 85' lang='lat' dir='ltr'><strong>pertinacius,</strong></span> <span class='ocrx_word' id='word_1_323' title='bbox 1046 2885 1114 2926; x_wconf 91' lang='lat' dir='ltr'><strong>eo</strong></span> <span class='ocrx_word' id='word_1_324' title='bbox 1141 2867 1332 2944; x_wconf 86' lang='lat' dir='ltr'><strong>majus</strong></span> <span class='ocrx_word' id='word_1_325' title='bbox 1359 2865 1833 2943; x_wconf 81' lang='lat' dir='ltr'><strong>impedimentum</strong></span> <span class='ocrx_word' id='word_1_326' title='bbox 1862 2868 2065 2944; x_wconf 72' lang='lat' dir='ltr'><strong>gratiss</strong></span> <span class='ocrx_word' id='word_1_327' title='bbox 2093 2867 2307 2926; x_wconf 81' lang='lat' dir='ltr'><strong>divinae</strong></span> <span class='ocrx_word' id='word_1_328' title='bbox 2328 2867 2615 2946; x_wconf 84' lang='lat' dir='ltr'><strong>objicitur,</strong></span> <span class='ocrx_word' id='word_1_329' title='bbox 2646 2867 2783 2944; x_wconf 86' lang='lat' dir='ltr'><strong>quia</strong></span> <span class='ocrx_word' id='word_1_330' title='bbox 2810 2865 2974 2924; x_wconf 86' lang='lat' dir='ltr'><strong>nulla</strong></span> 
     </span>
     <span class='ocr_line' id='line_1_32' title="bbox 558 2945 2969 3085; baseline -0 -80"><span class='ocrx_word' id='word_1_331' title='bbox 558 2947 749 3023; x_wconf 84' lang='lat' dir='ltr'><strong>venia,</strong></span> <span class='ocrx_word' id='word_1_332' title='bbox 779 2948 894 3006; x_wconf 90' lang='lat' dir='ltr'><strong>nisi</strong></span> <span class='ocrx_word' id='word_1_333' title='bbox 921 2947 1224 3025; x_wconf 87' lang='lat' dir='ltr'><strong>poenitenti</strong></span> <span class='ocrx_word' id='word_1_334' title='bbox 1243 2946 1620 3085; x_wconf 57' lang='lat' dir='ltr'><strong>promittitur.</strong></span> <span class='ocrx_word' id='word_1_335' title='bbox 1688 2945 1923 3024; x_wconf 82' lang='lat' dir='ltr'><strong>Duplex</strong></span> <span class='ocrx_word' id='word_1_336' title='bbox 1944 2967 2083 3025; x_wconf 88' lang='lat' dir='ltr'><strong>ergo</strong></span> <span class='ocrx_word' id='word_1_337' title='bbox 2125 2955 2425 3026; x_wconf 85' lang='lat' dir='ltr'><strong>peccatum</strong></span> <span class='ocrx_word' id='word_1_338' title='bbox 2452 2955 2645 3026; x_wconf 89' lang='lat' dir='ltr'><strong>potest</strong></span> <span class='ocrx_word' id='word_1_339' title='bbox 2670 2946 2969 3024; x_wconf 86' lang='lat' dir='ltr'><strong>distingui,</strong></span> 
     </span>
     <span class='ocr_line' id='line_1_33' title="bbox 561 3024 2972 3105; baseline -0 -20"><span class='ocrx_word' id='word_1_340' title='bbox 561 3026 723 3086; x_wconf 86' lang='lat' dir='ltr'><strong>aliud</strong></span> <span class='ocrx_word' id='word_1_341' title='bbox 750 3047 1091 3105; x_wconf 64' lang='lat' dir='ltr'><strong>repugnans,</strong></span> <span class='ocrx_word' id='word_1_342' title='bbox 1122 3026 1240 3086; x_wconf 86' lang='lat' dir='ltr'><strong>aliu</strong></span> <span class='ocrx_word' id='word_1_343' title='bbox 1307 3045 1569 3103; x_wconf 70' lang='lat' dir='ltr'><strong>reynans,</strong></span> <span class='ocrx_word' id='word_1_344' title='bbox 1599 3024 1749 3086; x_wconf 84' lang='lat' dir='ltr'><strong>illud</strong></span> <span class='ocrx_word' id='word_1_345' title='bbox 1776 3026 1850 3086; x_wconf 92' lang='lat' dir='ltr'><strong>ob</strong></span> <span class='ocrx_word' id='word_1_346' title='bbox 1880 3027 2391 3088; x_wconf 87' lang='lat' dir='ltr'><strong>sanctificationem</strong></span> <span class='ocrx_word' id='word_1_347' title='bbox 2418 3028 2747 3087; x_wconf 82' lang='lat' dir='ltr'><strong>inchoatam</strong></span> <span class='ocrx_word' id='word_1_348' title='bbox 2764 3033 2823 3087; x_wconf 89' lang='lat' dir='ltr'><strong>et</strong></span> <span class='ocrx_word' id='word_1_349' title='bbox 2838 3045 2972 3104; x_wconf 88' lang='lat' dir='ltr'><strong>pec-</strong></span> 
     </span>
     <span class='ocr_line' id='line_1_34' title="bbox 561 3105 2971 3184; baseline 0 -20"><span class='ocrx_word' id='word_1_350' title='bbox 561 3107 679 3166; x_wconf 89' lang='lat' dir='ltr'><strong>cati</strong></span> <span class='ocrx_word' id='word_1_351' title='bbox 722 3107 964 3183; x_wconf 86' lang='lat' dir='ltr'><strong>originis</strong></span> <span class='ocrx_word' id='word_1_352' title='bbox 1003 3106 1278 3184; x_wconf 87' lang='lat' dir='ltr'><strong>reliquias</strong></span> <span class='ocrx_word' id='word_1_353' title='bbox 1318 3126 1456 3166; x_wconf 86' lang='lat' dir='ltr'><strong>vere</strong></span> <span class='ocrx_word' id='word_1_354' title='bbox 1495 3105 1769 3165; x_wconf 87' lang='lat' dir='ltr'><strong>fidelibus</strong></span> <span class='ocrx_word' id='word_1_355' title='bbox 1810 3107 2099 3184; x_wconf 87' lang='lat' dir='ltr'><strong>convenit,</strong></span> <span class='ocrx_word' id='word_1_356' title='bbox 2146 3108 2315 3167; x_wconf 89' lang='lat' dir='ltr'><strong>Rom.</strong></span> <span class='ocrx_word' id='word_1_357' title='bbox 2344 3107 2446 3167; x_wconf 90' lang='lat' dir='ltr'><strong>vii.</strong></span> <span class='ocrx_word' id='word_1_358' title='bbox 2477 3111 2573 3184; x_wconf 79' lang='lat'><strong>23,</strong></span> <span class='ocrx_word' id='word_1_359' title='bbox 2620 3107 2751 3168; x_wconf 86' lang='lat' dir='ltr'><strong>Gal.</strong></span> <span class='ocrx_word' id='word_1_360' title='bbox 2783 3127 2840 3165; x_wconf 88' lang='lat' dir='ltr'><strong>v.</strong></span> <span class='ocrx_word' id='word_1_361' title='bbox 2875 3108 2971 3181; x_wconf 83' lang='grc'><strong>17,</strong></span> 
     </span>
     <span class='ocr_line' id='line_1_35' title="bbox 559 3185 2981 3265; baseline 0.002 -23"><span class='ocrx_word' id='word_1_362' title='bbox 559 3185 673 3243; x_wconf 90' lang='lat' dir='ltr'><strong>hoc</strong></span> <span class='ocrx_word' id='word_1_363' title='bbox 692 3203 834 3243; x_wconf 87' lang='lat' dir='ltr'><strong>vero</strong></span> <span class='ocrx_word' id='word_1_364' title='bbox 851 3185 1183 3246; x_wconf 86' lang='lat' dir='ltr'><strong>infidelibus</strong></span> <span class='ocrx_word' id='word_1_365' title='bbox 1209 3193 1451 3262; x_wconf 88' lang='lat' dir='ltr'><strong>tantum,</strong></span> <span class='ocrx_word' id='word_1_366' title='bbox 1482 3185 1620 3262; x_wconf 90' lang='lat' dir='ltr'><strong>quia</strong></span> <span class='ocrx_word' id='word_1_367' title='bbox 1649 3195 1945 3264; x_wconf 85' lang='lat' dir='ltr'><strong>peccatum</strong></span> <span class='ocrx_word' id='word_1_368' title='bbox 1974 3187 2141 3246; x_wconf 87' lang='lat' dir='ltr'><strong>nobis</strong></span> <span class='ocrx_word' id='word_1_369' title='bbox 2168 3207 2287 3247; x_wconf 90' lang='lat' dir='ltr'><strong>non</strong></span> <span class='ocrx_word' id='word_1_370' title='bbox 2312 3188 2658 3265; x_wconf 86' lang='lat' dir='ltr'><strong>dominatur,</strong></span> <span class='ocrx_word' id='word_1_371' title='bbox 2692 3187 2862 3246; x_wconf 89' lang='lat' dir='ltr'><strong>Rom.</strong></span> <span class='ocrx_word' id='word_1_372' title='bbox 2889 3187 2981 3247; x_wconf 87' lang='lat' dir='ltr'><strong>vi.</strong></span> 
     </span>
     <span class='ocr_line' id='line_1_36' title="bbox 567 3264 2973 3347; baseline 0.002 -27"><span class='ocrx_word' id='word_1_373' title='bbox 567 3265 662 3338; x_wconf 83' lang='lat'><strong>14,</strong></span> <span class='ocrx_word' id='word_1_374' title='bbox 707 3281 823 3338; x_wconf 93' lang='lat' dir='ltr'><strong>quo</strong></span> <span class='ocrx_word' id='word_1_375' title='bbox 865 3282 1039 3323; x_wconf 88' lang='lat' dir='ltr'><strong>sensu</strong></span> <span class='ocrx_word' id='word_1_376' title='bbox 1079 3264 1307 3341; x_wconf 90' lang='lat' dir='ltr'><strong>dicitur,</strong></span> <span class='ocrx_word' id='word_1_377' title='bbox 1355 3268 1386 3323; x_wconf 91' lang='lat'><strong>1</strong></span> <span class='ocrx_word' id='word_1_378' title='bbox 1419 3265 1462 3325; x_wconf 88' lang='lat' dir='ltr'><strong>J</strong></span> <span class='ocrx_word' id='word_1_379' title='bbox 1465 3266 1558 3324; x_wconf 93' lang='lat' dir='ltr'><strong>oh.</strong></span> <span class='ocrx_word' id='word_1_380' title='bbox 1589 3265 1671 3324; x_wconf 91' lang='lat' dir='ltr'><strong>iii.</strong></span> <span class='ocrx_word' id='word_1_381' title='bbox 1702 3267 1759 3340; x_wconf 89' lang='grc'><strong>9,</strong></span> <span class='ocrx_word' id='word_1_382' title='bbox 1802 3275 2003 3327; x_wconf 88' lang='lat' dir='ltr'><strong>natum</strong></span> <span class='ocrx_word' id='word_1_383' title='bbox 2032 3287 2109 3327; x_wconf 87' lang='lat' dir='ltr'><strong>ex</strong></span> <span class='ocrx_word' id='word_1_384' title='bbox 2137 3267 2264 3326; x_wconf 91' lang='lat' dir='ltr'><strong>Deo</strong></span> <span class='ocrx_word' id='word_1_385' title='bbox 2292 3275 2593 3347; x_wconf 86' lang='lat' dir='ltr'><strong>peccatum</strong></span> <span class='ocrx_word' id='word_1_386' title='bbox 2620 3287 2738 3327; x_wconf 92' lang='lat' dir='ltr'><strong>non</strong></span> <span class='ocrx_word' id='word_1_387' title='bbox 2764 3266 2973 3342; x_wconf 86' lang='lat' dir='ltr'><strong>facere,</strong></span> 
     </span>
     <span class='ocr_line' id='line_1_37' title="bbox 561 3343 2976 3426; baseline 0.002 -27"><span class='ocrx_word' id='word_1_388' title='bbox 561 3361 672 3400; x_wconf 90' lang='lat' dir='ltr'><strong>nec</strong></span> <span class='ocrx_word' id='word_1_389' title='bbox 717 3361 957 3418; x_wconf 89' lang='lat' dir='ltr'><strong>peccare</strong></span> <span class='ocrx_word' id='word_1_390' title='bbox 1000 3360 1188 3421; x_wconf 89' lang='lat' dir='ltr'><strong>posse,</strong></span> <span class='ocrx_word' id='word_1_391' title='bbox 1218 3343 1356 3421; x_wconf 86' lang='lat' dir='ltr'><strong>quia</strong></span> <span class='ocrx_word' id='word_1_392' title='bbox 1399 3363 1596 3404; x_wconf 90' lang='lat' dir='ltr'><strong>semen</strong></span> <span class='ocrx_word' id='word_1_393' title='bbox 1639 3345 1751 3404; x_wconf 89' lang='lat' dir='ltr'><strong>Dei</strong></span> <span class='ocrx_word' id='word_1_394' title='bbox 1792 3356 1988 3407; x_wconf 88' lang='lat' dir='ltr'><strong>manet</strong></span> <span class='ocrx_word' id='word_1_395' title='bbox 2025 3347 2088 3406; x_wconf 92' lang='lat' dir='ltr'><strong>in</strong></span> <span class='ocrx_word' id='word_1_396' title='bbox 2124 3348 2273 3425; x_wconf 89' lang='lat' dir='ltr'><strong>ipso.</strong></span> <span class='ocrx_word' id='word_1_397' title='bbox 2356 3347 2680 3426; x_wconf 88' lang='lat' dir='ltr'><strong>Apostolus</strong></span> <span class='ocrx_word' id='word_1_398' title='bbox 2718 3347 2815 3406; x_wconf 85' lang='lat' dir='ltr'><strong>hic</strong></span> <span class='ocrx_word' id='word_1_399' title='bbox 2854 3365 2976 3405; x_wconf 88' lang='lat' dir='ltr'><strong>non</strong></span> 
     </span>
     <span class='ocr_line' id='line_1_38' title="bbox 563 3420 2977 3506; baseline 0.002 -26"><span class='ocrx_word' id='word_1_400' title='bbox 563 3420 814 3498; x_wconf 87' lang='lat' dir='ltr'><strong>quodvis</strong></span> <span class='ocrx_word' id='word_1_401' title='bbox 853 3431 1154 3500; x_wconf 89' lang='lat' dir='ltr'><strong>peccatum</strong></span> <span class='ocrx_word' id='word_1_402' title='bbox 1195 3423 1587 3483; x_wconf 86' lang='lat' dir='ltr'><strong>voluntarium</strong></span> <span class='ocrx_word' id='word_1_403' title='bbox 1628 3423 1919 3504; x_wconf 85' lang='lat' dir='ltr'><strong>intelligit,</strong></span> <span class='ocrx_word' id='word_1_404' title='bbox 1950 3427 2055 3487; x_wconf 90' lang='lat' dir='ltr'><strong>sed</strong></span> <span class='ocrx_word' id='word_1_405' title='bbox 2098 3428 2285 3488; x_wconf 86' lang='lat' dir='ltr'><strong>solum</strong></span> <span class='ocrx_word' id='word_1_406' title='bbox 2326 3448 2589 3506; x_wconf 74' lang='lat' dir='ltr'><strong>reynans,</strong></span> <span class='ocrx_word' id='word_1_407' title='bbox 2636 3437 2696 3488; x_wconf 87' lang='lat' dir='ltr'><strong>et</strong></span> <span class='ocrx_word' id='word_1_408' title='bbox 2736 3427 2977 3505; x_wconf 87' lang='lat' dir='ltr'><strong>quidem</strong></span> 
     </span>
     <span class='ocr_line' id='line_1_39' title="bbox 563 3502 2977 3581; baseline 0.002 -22"><span class='ocrx_word' id='word_1_409' title='bbox 563 3519 683 3560; x_wconf 86' lang='lat' dir='ltr'><strong>non</strong></span> <span class='ocrx_word' id='word_1_410' title='bbox 711 3520 897 3578; x_wconf 90' lang='lat' dir='ltr'><strong>omne,</strong></span> <span class='ocrx_word' id='word_1_411' title='bbox 927 3502 1026 3562; x_wconf 86' lang='lat' dir='ltr'><strong>vel</strong></span> <span class='ocrx_word' id='word_1_412' title='bbox 1051 3503 1113 3561; x_wconf 89' lang='lat' dir='ltr'><strong>in</strong></span> <span class='ocrx_word' id='word_1_413' title='bbox 1139 3502 1330 3581; x_wconf 89' lang='lat' dir='ltr'><strong>legem</strong></span> <span class='ocrx_word' id='word_1_414' title='bbox 1373 3503 1556 3563; x_wconf 89' lang='lat' dir='ltr'><strong>solam</strong></span> <span class='ocrx_word' id='word_1_415' title='bbox 1598 3503 1934 3580; x_wconf 89' lang='lat' dir='ltr'><strong>admissum,</strong></span> <span class='ocrx_word' id='word_1_416' title='bbox 1977 3507 2082 3566; x_wconf 90' lang='lat' dir='ltr'><strong>sed</strong></span> <span class='ocrx_word' id='word_1_417' title='bbox 2119 3508 2335 3569; x_wconf 89' lang='lat' dir='ltr'><strong>directe</strong></span> <span class='ocrx_word' id='word_1_418' title='bbox 2363 3509 2643 3568; x_wconf 86' lang='lat' dir='ltr'><strong>adversus</strong></span> <span class='ocrx_word' id='word_1_419' title='bbox 2670 3508 2977 3567; x_wconf 84' lang='lat' dir='ltr'><strong>veritatem</strong></span> 
     </span>
     <span class='ocr_line' id='line_1_40' title="bbox 566 3582 2981 3665; baseline 0.002 -25"><span class='ocrx_word' id='word_1_420' title='bbox 566 3582 878 3660; x_wconf 87' lang='lat' dir='ltr'><strong>Evangelii</strong></span> <span class='ocrx_word' id='word_1_421' title='bbox 919 3583 1193 3661; x_wconf 84' lang='lat' dir='ltr'><strong>agnitam,</strong></span> <span class='ocrx_word' id='word_1_422' title='bbox 1225 3590 1290 3644; x_wconf 91' lang='lat' dir='ltr'><strong>ut</strong></span> <span class='ocrx_word' id='word_1_423' title='bbox 1329 3603 1447 3643; x_wconf 92' lang='lat' dir='ltr'><strong>non</strong></span> <span class='ocrx_word' id='word_1_424' title='bbox 1473 3584 1649 3645; x_wconf 89' lang='lat' dir='ltr'><strong>modo</strong></span> <span class='ocrx_word' id='word_1_425' title='bbox 1676 3587 1980 3646; x_wconf 83' lang='lat' dir='ltr'><strong>antithesis</strong></span> <span class='ocrx_word' id='word_1_426' title='bbox 2020 3587 2235 3663; x_wconf 84' lang='lat' dir='ltr'><strong>addita,</strong></span> <span class='ocrx_word' id='word_1_427' title='bbox 2277 3608 2397 3648; x_wconf 87' lang='lat' dir='ltr'><strong>ver.</strong></span> <span class='ocrx_word' id='word_1_428' title='bbox 2428 3591 2524 3664; x_wconf 83' lang='lat'><strong>28,</strong></span> <span class='ocrx_word' id='word_1_429' title='bbox 2568 3588 2754 3665; x_wconf 87' lang='lat' dir='ltr'><strong>docet,</strong></span> <span class='ocrx_word' id='word_1_430' title='bbox 2786 3585 2891 3647; x_wconf 87' lang='lat' dir='ltr'><strong>sed</strong></span> <span class='ocrx_word' id='word_1_431' title='bbox 2915 3595 2981 3646; x_wconf 87' lang='lat' dir='ltr'><strong>et</strong></span> 
     </span>
     <span class='ocr_line' id='line_1_41' title="bbox 564 3661 2977 3744; baseline 0.002 -23"><span class='ocrx_word' id='word_1_432' title='bbox 564 3661 694 3742; x_wconf 88' lang='lat' dir='ltr'><strong>ipsa</strong></span> <span class='ocrx_word' id='word_1_433' title='bbox 733 3663 956 3741; x_wconf 83' lang='lat' dir='ltr'><strong>peccati</strong></span> <span class='ocrx_word' id='word_1_434' title='bbox 997 3663 1323 3743; x_wconf 83' lang='lat' dir='ltr'><strong>descriptiO,</strong></span> <span class='ocrx_word' id='word_1_435' title='bbox 1347 3665 1506 3742; x_wconf 90' lang='lat' dir='ltr'><strong>quod</strong></span> <span class='ocrx_word' id='word_1_436' title='bbox 1547 3665 1623 3725; x_wconf 91' lang='lat' dir='ltr'><strong>ad</strong></span> <span class='ocrx_word' id='word_1_437' title='bbox 1662 3665 1775 3726; x_wconf 88' lang='lat' dir='ltr'><strong>tria</strong></span> <span class='ocrx_word' id='word_1_438' title='bbox 1811 3667 2071 3744; x_wconf 85' lang='lat' dir='ltr'><strong>refertur,</strong></span> <span class='ocrx_word' id='word_1_439' title='bbox 2117 3670 2157 3702; x_wconf 91' lang='lat'><strong>“</strong></span> <span class='ocrx_word' id='word_1_440' title='bbox 2184 3669 2328 3728; x_wconf 75' lang='lat' dir='ltr'><strong>Filii</strong></span> <span class='ocrx_word' id='word_1_441' title='bbox 2350 3669 2469 3728; x_wconf 76' lang='lat' dir='ltr'><strong>Dei</strong></span> <span class='ocrx_word' id='word_1_442' title='bbox 2490 3668 2977 3742; x_wconf 76' lang='lat' dir='ltr'><strong>conculcationem,</strong></span> 
     </span>
     <span class='ocr_line' id='line_1_42' title="bbox 564 3743 2980 3826; baseline 0.002 -25"><span class='ocrx_word' id='word_1_443' title='bbox 564 3743 853 3820; x_wconf 64' lang='lat' dir='ltr'><strong>sanguinis</strong></span> <span class='ocrx_word' id='word_1_444' title='bbox 883 3745 1222 3804; x_wconf 70' lang='lat' dir='ltr'><strong>Testamenti</strong></span> <span class='ocrx_word' id='word_1_445' title='bbox 1246 3747 1757 3823; x_wconf 76' lang='lat' dir='ltr'><strong>profanationem„</strong></span> <span class='ocrx_word' id='word_1_446' title='bbox 1770 3755 1831 3807; x_wconf 84' lang='lat' dir='ltr'><strong>et</strong></span> <span class='ocrx_word' id='word_1_447' title='bbox 1869 3749 2116 3825; x_wconf 76' lang='lat' dir='ltr'><strong>Spiritus</strong></span> <span class='ocrx_word' id='word_1_448' title='bbox 2149 3751 2357 3826; x_wconf 67' lang='lat' dir='ltr'><strong>qratiae</strong></span> <span class='ocrx_word' id='word_1_449' title='bbox 2382 3749 2787 3824; x_wconf 75' lang='lat' dir='ltr'><strong>contumeliam,</strong></span> <span class='ocrx_word' id='word_1_450' title='bbox 2830 3766 2980 3824; x_wconf 90' lang='lat' dir='ltr'><strong>quo—</strong></span> 
     </span>
     <span class='ocr_line' id='line_1_43' title="bbox 565 3824 2982 3907; baseline 0.002 -25"><span class='ocrx_word' id='word_1_451' title='bbox 565 3827 722 3882; x_wconf 86' lang='lat' dir='ltr'><strong>rum&#39;</strong></span> <span class='ocrx_word' id='word_1_452' title='bbox 735 3824 898 3901; x_wconf 86' lang='lat' dir='ltr'><strong>prius</strong></span> <span class='ocrx_word' id='word_1_453' title='bbox 945 3843 1255 3902; x_wconf 78' lang='lat' dir='ltr'><strong>personam</strong></span> <span class='ocrx_word' id='word_1_454' title='bbox 1296 3835 1356 3886; x_wconf 89' lang='lat' dir='ltr'><strong>et</strong></span> <span class='ocrx_word' id='word_1_455' title='bbox 1395 3827 1634 3899; x_wconf 80' lang='lat' dir='ltr'><strong>officium</strong></span> <span class='ocrx_word' id='word_1_456' title='bbox 1676 3827 1891 3886; x_wconf 86' lang='lat' dir='ltr'><strong>Christi</strong></span> <span class='ocrx_word' id='word_1_457' title='bbox 1948 3827 2265 3888; x_wconf 84' lang='lat' dir='ltr'><strong>Salvatoris</strong></span> <span class='ocrx_word' id='word_1_458' title='bbox 2323 3830 2575 3907; x_wconf 86' lang='lat' dir='ltr'><strong>attingit,</strong></span> <span class='ocrx_word' id='word_1_459' title='bbox 2616 3837 2824 3889; x_wconf 73' lang='lat' dir='ltr'><strong>caetera</strong></span> <span class='ocrx_word' id='word_1_460' title='bbox 2860 3828 2982 3887; x_wconf 90' lang='lat' dir='ltr'><strong>duo</strong></span> 
     </span>
     <span class='ocr_line' id='line_1_44' title="bbox 566 3903 2981 3990; baseline 0.002 -28"><span class='ocrx_word' id='word_1_461' title='bbox 566 3923 708 3963; x_wconf 87' lang='lat' dir='ltr'><strong>vero</strong></span> <span class='ocrx_word' id='word_1_462' title='bbox 751 3903 828 3961; x_wconf 89' lang='lat' dir='ltr'><strong>ad</strong></span> <span class='ocrx_word' id='word_1_463' title='bbox 870 3903 986 3964; x_wconf 90' lang='lat' dir='ltr'><strong>duo</strong></span> <span class='ocrx_word' id='word_1_464' title='bbox 1027 3906 1317 3982; x_wconf 74' lang='lat' dir='ltr'><strong>praecipua</strong></span> <span class='ocrx_word' id='word_1_465' title='bbox 1357 3906 1486 3984; x_wconf 89' lang='lat' dir='ltr'><strong>ejus</strong></span> <span class='ocrx_word' id='word_1_466' title='bbox 1521 3906 1783 3979; x_wconf 79' lang='lat' dir='ltr'><strong>beneficia</strong></span> <span class='ocrx_word' id='word_1_467' title='bbox 1818 3907 2158 3985; x_wconf 88' lang='lat' dir='ltr'><strong>referuntur,</strong></span> <span class='ocrx_word' id='word_1_468' title='bbox 2184 3911 2640 3990; x_wconf 59' lang='lat' dir='ltr'><strong>justificationem</strong></span> <span class='ocrx_word' id='word_1_469' title='bbox 2676 3918 2735 3968; x_wconf 91' lang='lat' dir='ltr'><strong>et</strong></span> <span class='ocrx_word' id='word_1_470' title='bbox 2768 3909 2981 3968; x_wconf 71' lang='lat' dir='ltr'><strong>sancti·</strong></span> 
     </span>
     <span class='ocr_line' id='line_1_45' title="bbox 551 3985 2983 4067; baseline 0.002 -26"><span class='ocrx_word' id='word_1_471' title='bbox 551 3985 892 4059; x_wconf 77' lang='lat' dir='ltr'><strong>ficationem,</strong></span> <span class='ocrx_word' id='word_1_472' title='bbox 935 3985 1095 4043; x_wconf 89' lang='lat' dir='ltr'><strong>illam</strong></span> <span class='ocrx_word' id='word_1_473' title='bbox 1123 4004 1254 4063; x_wconf 75' lang='lat' dir='ltr'><strong>quse</strong></span> <span class='ocrx_word' id='word_1_474' title='bbox 1281 3993 1371 4046; x_wconf 89' lang='lat' dir='ltr'><strong>est</strong></span> <span class='ocrx_word' id='word_1_475' title='bbox 1397 3987 1458 4045; x_wconf 88' lang='lat' dir='ltr'><strong>in</strong></span> <span class='ocrx_word' id='word_1_476' title='bbox 1487 3986 1786 4064; x_wconf 87' lang='lat' dir='ltr'><strong>sanguinis</strong></span> <span class='ocrx_word' id='word_1_477' title='bbox 1812 3987 2033 4066; x_wconf 83' lang='lat' dir='ltr'><strong>meritc,</strong></span> <span class='ocrx_word' id='word_1_478' title='bbox 2077 3988 2248 4050; x_wconf 84' lang='lat' dir='ltr'><strong>istam</strong></span> <span class='ocrx_word' id='word_1_479' title='bbox 2278 4008 2408 4067; x_wconf 81' lang='lat' dir='ltr'><strong>quae</strong></span> <span class='ocrx_word' id='word_1_480' title='bbox 2436 4009 2471 4048; x_wconf 90' lang='lat' dir='ltr'><strong>a</strong></span> <span class='ocrx_word' id='word_1_481' title='bbox 2504 3989 2751 4067; x_wconf 85' lang='lat' dir='ltr'><strong>Spiritus</strong></span> <span class='ocrx_word' id='word_1_482' title='bbox 2790 3989 2983 4047; x_wconf 84' lang='lat' dir='ltr'><strong>sancti</strong></span> 
     </span>
     <span class='ocr_line' id='line_1_46' title="bbox 563 4061 2983 4202; baseline 0.003 -82"><span class='ocrx_word' id='word_1_483' title='bbox 563 4063 780 4202; x_wconf 52' lang='lat' dir='ltr'><strong>pendet</strong></span> <span class='ocrx_word' id='word_1_484' title='bbox 821 4061 1088 4158; x_wconf 74' lang='lat' dir='ltr'><strong>efficacia,</strong></span> <span class='ocrx_word' id='word_1_485' title='bbox 1132 4064 1288 4126; x_wconf 88' lang='lat' dir='ltr'><strong>unde</strong></span> <span class='ocrx_word' id='word_1_486' title='bbox 1327 4065 1512 4144; x_wconf 89' lang='lat' dir='ltr'><strong>liquet</strong></span> <span class='ocrx_word' id='word_1_487' title='bbox 1549 4076 1851 4145; x_wconf 87' lang='lat' dir='ltr'><strong>peccatum</strong></span> <span class='ocrx_word' id='word_1_488' title='bbox 1892 4068 2208 4144; x_wconf 67' lang='lat' dir='ltr'><strong>desectionis</strong></span> <span class='ocrx_word' id='word_1_489' title='bbox 2244 4078 2304 4130; x_wconf 92' lang='lat' dir='ltr'><strong>et</strong></span> <span class='ocrx_word' id='word_1_490' title='bbox 2338 4071 2640 4148; x_wconf 63' lang='lat' dir='ltr'><strong>aposta-sim</strong></span> <span class='ocrx_word' id='word_1_491' title='bbox 2668 4069 2854 4128; x_wconf 76' lang='lat' dir='ltr'><strong>totalis</strong></span> <span class='ocrx_word' id='word_1_492' title='bbox 2880 4067 2983 4128; x_wconf 91' lang='lat' dir='ltr'><strong>hic</strong></span> 
     </span>
    </p>

    <p class='ocr_par' dir='ltr' id='par_1_3' title="bbox 608 4159 880 4221">
     <span class='ocr_line' id='line_1_47' title="bbox 608 4159 880 4221; baseline -0.007 -17"><span class='ocrx_word' id='word_1_493' title='bbox 608 4159 880 4221; x_wconf 78' lang='lat' dir='ltr'><strong>esignan.</strong></span> 
     </span>
    </p>

    <p class='ocr_par' dir='ltr' id='par_1_4' title="bbox 566 4223 2991 4708">
     <span class='ocr_line' id='line_1_48' title="bbox 649 4223 2981 4308; baseline 0.002 -27"><span class='ocrx_word' id='word_1_494' title='bbox 649 4223 796 4281; x_wconf 89' lang='lat' dir='ltr'><strong>XV.</strong></span> <span class='ocrx_word' id='word_1_495' title='bbox 842 4223 1022 4282; x_wconf 91' lang='lat' dir='ltr'><strong>Porro</strong></span> <span class='ocrx_word' id='word_1_496' title='bbox 1051 4243 1181 4284; x_wconf 89' lang='lat' dir='ltr'><strong>cum</strong></span> <span class='ocrx_word' id='word_1_497' title='bbox 1211 4225 1533 4300; x_wconf 59' lang='lat' dir='ltr'><strong>dqectionis</strong></span> <span class='ocrx_word' id='word_1_498' title='bbox 1553 4227 1629 4287; x_wconf 86' lang='lat' dir='ltr'><strong>ab</strong></span> <span class='ocrx_word' id='word_1_499' title='bbox 1648 4228 1975 4306; x_wconf 85' lang='lat' dir='ltr'><strong>Evangelio</strong></span> <span class='ocrx_word' id='word_1_500' title='bbox 1996 4236 2055 4288; x_wconf 90' lang='lat' dir='ltr'><strong>et</strong></span> <span class='ocrx_word' id='word_1_501' title='bbox 2074 4226 2403 4308; x_wconf 78' lang='lat' dir='ltr'><strong>Apostasiae</strong></span> <span class='ocrx_word' id='word_1_502' title='bbox 2422 4230 2572 4289; x_wconf 89' lang='lat' dir='ltr'><strong>varii</strong></span> <span class='ocrx_word' id='word_1_503' title='bbox 2600 4228 2715 4289; x_wconf 87' lang='lat' dir='ltr'><strong>sint</strong></span> <span class='ocrx_word' id='word_1_504' title='bbox 2734 4229 2981 4306; x_wconf 69' lang='lat' dir='ltr'><strong>qradzae,</strong></span> 
     </span>
     <span class='ocr_line' id='line_1_49' title="bbox 567 4301 2985 4387; baseline 0.003 -27"><span class='ocrx_word' id='word_1_505' title='bbox 567 4301 1005 4381; x_wconf 88' lang='lat' dir='ltr'><strong>disquirendum</strong></span> <span class='ocrx_word' id='word_1_506' title='bbox 1033 4310 1123 4363; x_wconf 87' lang='lat' dir='ltr'><strong>est</strong></span> <span class='ocrx_word' id='word_1_507' title='bbox 1149 4305 1410 4381; x_wconf 89' lang='lat' dir='ltr'><strong>ulterius,</strong></span> <span class='ocrx_word' id='word_1_508' title='bbox 1441 4307 1572 4385; x_wconf 90' lang='lat' dir='ltr'><strong>quis</strong></span> <span class='ocrx_word' id='word_1_509' title='bbox 1600 4307 1816 4387; x_wconf 87' lang='lat' dir='ltr'><strong>gradus</strong></span> <span class='ocrx_word' id='word_1_510' title='bbox 1844 4308 2204 4386; x_wconf 88' lang='lat' dir='ltr'><strong>intelligatur</strong></span> <span class='ocrx_word' id='word_1_511' title='bbox 2228 4310 2339 4368; x_wconf 91' lang='lat' dir='ltr'><strong>hoc</strong></span> <span class='ocrx_word' id='word_1_512' title='bbox 2372 4311 2519 4386; x_wconf 88' lang='lat' dir='ltr'><strong>loco,</strong></span> <span class='ocrx_word' id='word_1_513' title='bbox 2548 4309 2651 4369; x_wconf 89' lang='lat' dir='ltr'><strong>ubi</strong></span> <span class='ocrx_word' id='word_1_514' title='bbox 2676 4317 2985 4387; x_wconf 84' lang='lat' dir='ltr'><strong>peccatum</strong></span> 
     </span>
     <span class='ocr_line' id='line_1_50' title="bbox 566 4381 2983 4469; baseline 0.005 -31"><span class='ocrx_word' id='word_1_515' title='bbox 566 4381 725 4441; x_wconf 86' lang='lat' dir='ltr'><strong>istud</strong></span> <span class='ocrx_word' id='word_1_516' title='bbox 765 4383 1160 4443; x_wconf 85' lang='lat' dir='ltr'><strong>irremissibile</strong></span> <span class='ocrx_word' id='word_1_517' title='bbox 1199 4384 1560 4448; x_wconf 86' lang='lat' dir='ltr'><strong>describitur.</strong></span> <span class='ocrx_word' id='word_1_518' title='bbox 1626 4389 1855 4448; x_wconf 88' lang='lat' dir='ltr'><strong>Primus</strong></span> <span class='ocrx_word' id='word_1_519' title='bbox 1883 4390 2264 4466; x_wconf 73' lang='lat' dir='ltr'><strong>abneyationt‘s</strong></span> <span class='ocrx_word' id='word_1_520' title='bbox 2290 4398 2350 4450; x_wconf 90' lang='lat' dir='ltr'><strong>et</strong></span> <span class='ocrx_word' id='word_1_521' title='bbox 2374 4389 2598 4469; x_wconf 87' lang='lat' dir='ltr'><strong>peccati</strong></span> <span class='ocrx_word' id='word_1_522' title='bbox 2625 4388 2841 4466; x_wconf 88' lang='lat' dir='ltr'><strong>gradus</strong></span> <span class='ocrx_word' id='word_1_523' title='bbox 2870 4398 2983 4465; x_wconf 86' lang='lat' dir='ltr'><strong>est,</strong></span> 
     </span>
     <span class='ocr_line' id='line_1_51' title="bbox 567 4460 2991 4548; baseline 0.003 -28"><span class='ocrx_word' id='word_1_524' title='bbox 567 4479 701 4518; x_wconf 85' lang='lat' dir='ltr'><strong>cum</strong></span> <span class='ocrx_word' id='word_1_525' title='bbox 743 4460 874 4539; x_wconf 89' lang='lat' dir='ltr'><strong>quis</strong></span> <span class='ocrx_word' id='word_1_526' title='bbox 914 4481 1018 4539; x_wconf 89' lang='lat' dir='ltr'><strong>per</strong></span> <span class='ocrx_word' id='word_1_527' title='bbox 1057 4483 1312 4525; x_wconf 82' lang='lat' dir='ltr'><strong>errorem</strong></span> <span class='ocrx_word' id='word_1_528' title='bbox 1353 4475 1408 4526; x_wconf 84' lang='lat' dir='ltr'><strong>et</strong></span> <span class='ocrx_word' id='word_1_529' title='bbox 1445 4468 1827 4544; x_wconf 71' lang='lat' dir='ltr'><strong>iynorantiam</strong></span> <span class='ocrx_word' id='word_1_530' title='bbox 1855 4468 2147 4529; x_wconf 85' lang='lat' dir='ltr'><strong>Christum</strong></span> <span class='ocrx_word' id='word_1_531' title='bbox 2182 4470 2437 4530; x_wconf 89' lang='lat' dir='ltr'><strong>nondum</strong></span> <span class='ocrx_word' id='word_1_532' title='bbox 2468 4469 2765 4548; x_wconf 89' lang='lat' dir='ltr'><strong>cognitum</strong></span> <span class='ocrx_word' id='word_1_533' title='bbox 2791 4469 2991 4547; x_wconf 87' lang='lat' dir='ltr'><strong>rejicit</strong></span> 
     </span>
     <span class='ocr_line' id='line_1_52' title="bbox 567 4544 2989 4626; baseline 0.005 -28"><span class='ocrx_word' id='word_1_534' title='bbox 567 4545 629 4598; x_wconf 89' lang='lat' dir='ltr'><strong>et</strong></span> <span class='ocrx_word' id='word_1_535' title='bbox 669 4549 1025 4617; x_wconf 87' lang='lat' dir='ltr'><strong>aspernatur,</strong></span> <span class='ocrx_word' id='word_1_536' title='bbox 1069 4544 1300 4620; x_wconf 86' lang='lat' dir='ltr'><strong>qualem</strong></span> <span class='ocrx_word' id='word_1_537' title='bbox 1341 4545 1519 4606; x_wconf 87' lang='lat' dir='ltr'><strong>fuisse</strong></span> <span class='ocrx_word' id='word_1_538' title='bbox 1559 4549 1623 4607; x_wconf 90' lang='lat' dir='ltr'><strong>in</strong></span> <span class='ocrx_word' id='word_1_539' title='bbox 1652 4549 1835 4608; x_wconf 89' lang='lat' dir='ltr'><strong>Paulo</strong></span> <span class='ocrx_word' id='word_1_540' title='bbox 1864 4557 1997 4610; x_wconf 88' lang='lat' dir='ltr'><strong>ante</strong></span> <span class='ocrx_word' id='word_1_541' title='bbox 2025 4549 2461 4610; x_wconf 87' lang='lat' dir='ltr'><strong>conversionem</strong></span> <span class='ocrx_word' id='word_1_542' title='bbox 2489 4551 2757 4609; x_wconf 87' lang='lat' dir='ltr'><strong>videmus</strong></span> <span class='ocrx_word' id='word_1_543' title='bbox 2792 4550 2895 4626; x_wconf 90' lang='lat' dir='ltr'><strong>qui</strong></span> <span class='ocrx_word' id='word_1_544' title='bbox 2934 4547 2989 4610; x_wconf 73' lang='grc' dir='ltr'><strong>δι’</strong></span> 
     </span>
     <span class='ocr_line' id='line_1_53' title="bbox 569 4616 2983 4708; baseline 0.006 -33"><span class='ocrx_word' id='word_1_545' title='bbox 569 4616 772 4690; x_wconf 62' lang='grc' dir='ltr'><strong>ἄγυιαν</strong></span> <span class='ocrx_word' id='word_1_546' title='bbox 812 4637 1081 4696; x_wconf 85' lang='lat' dir='ltr'><strong>peccasse</strong></span> <span class='ocrx_word' id='word_1_547' title='bbox 1124 4623 1350 4701; x_wconf 88' lang='lat' dir='ltr'><strong>dicitur,</strong></span> <span class='ocrx_word' id='word_1_548' title='bbox 1386 4625 1416 4682; x_wconf 97' lang='lat'>1</span> <span class='ocrx_word' id='word_1_549' title='bbox 1448 4627 1598 4688; x_wconf 88' lang='lat' dir='ltr'><strong>Tim.</strong></span> <span class='ocrx_word' id='word_1_550' title='bbox 1626 4628 1666 4687; x_wconf 92' lang='lat' dir='ltr'><strong>i.</strong></span> <span class='ocrx_word' id='word_1_551' title='bbox 1700 4629 1792 4706; x_wconf 87' lang='lat'><strong>13,</strong></span> <span class='ocrx_word' id='word_1_552' title='bbox 1816 4628 1921 4689; x_wconf 90' lang='lat' dir='ltr'><strong>sed</strong></span> <span class='ocrx_word' id='word_1_553' title='bbox 1962 4629 2034 4688; x_wconf 91' lang='lat' dir='ltr'><strong>de</strong></span> <span class='ocrx_word' id='word_1_554' title='bbox 2070 4630 2181 4690; x_wconf 91' lang='lat' dir='ltr'><strong>hoc</strong></span> <span class='ocrx_word' id='word_1_555' title='bbox 2209 4650 2327 4690; x_wconf 90' lang='lat' dir='ltr'><strong>non</strong></span> <span class='ocrx_word' id='word_1_556' title='bbox 2353 4630 2611 4708; x_wconf 83' lang='lat' dir='ltr'><strong>loquitur</strong></span> <span class='ocrx_word' id='word_1_557' title='bbox 2638 4628 2983 4708; x_wconf 85' lang='lat' dir='ltr'><strong>Apostolus,</strong></span> 
     </span>
    </p>
   </div>
  </div>
 </body>
</html>
