3234 5192
330 352 557 394 nisi-ur.
588 330 749 414 και]
992 352 1069 391 ns
1100 350 1575 392 samsrac'noms
1604 350 1841 391 cameri
1873 351 2189 392 vsmra'rn.
2621 338 2736 395 461

332 496 560 555 dicetur
604 494 653 553 si
697 493 876 551 iratus
918 491 1028 551 fuit
1068 511 1135 550 ac
1176 488 1644 551 reconciliatione
1675 512 1819 569 opus
1847 493 2050 552 habuit
2068 497 2098 550 ⁴?
2139 492 2315 570 Resp.
2363 492 2522 551 Nihil
2545 495 2741 554 obstat

333 576 475 633 iram
519 583 577 633 et
626 573 992 631 dilectionem
1062 572 1215 631 circa
1258 571 1413 631 idem
1461 572 1754 649 objectum
1816 573 2085 650 occupari
2148 572 2253 631 sed
2303 574 2422 631 κατ’
2461 574 2608 631 ἄλλο
2646 578 2738 632 και)

331 654 491 715 ἄλλο.
546 653 729 712 Irasci
764 652 951 730 potuit
977 660 1045 710 ut
1083 652 1281 729 justus
1299 651 1503 729 judex,
1536 660 1594 710 et
1623 652 1775 711 idem
1805 652 2046 729 diligere
2072 661 2140 711 ut
2173 653 2498 712 misericors
2540 664 2738 731 pater;

336 735 518 794 Irasci
547 734 715 792 nobis
742 753 858 810 qua
883 732 1282 809 peccatoribus
1312 740 1369 791 et
1398 732 1640 809 diligere
1677 752 1794 809 qua
1820 742 2126 791 creaturae.
2155 733 2251 791 Sic
2275 734 2439 792 Beda
2465 735 2526 792 in
2555 738 2635 793 5¹¹²
2663 733 2740 793 ad

338 816 525 890 Rom.,
576 815 792 873 “Deus
820 813 965 871 miro
995 812 1166 869 modo
1194 811 1427 889 quando
1454 832 1562 870 nos
1589 811 1808 888 oderat,
1839 812 2157 889 diligebat;
2203 813 2326 871 odit
2368 815 2429 871 in
2476 834 2739 891 unoquo-

336 914 449 971 que
476 903 735 953 nostrum
764 892 921 970 quod
942 892 1275 967 feceramus,
1297 892 1515 951 amavit
1535 892 1693 969 quod
1713 892 1928 951 fecerat
1946 914 1961 969 ;
1984 894 2018 921 ”
2051 900 2109 952 et
2129 902 2194 951 ut
2213 892 2528 968 loquuntur
2559 894 2740 954 Scho-

335 974 543 1049 lastici,
574 973 782 1033 dilexit
802 975 1117 1032 humanum
1146 990 1332 1049 genus
1360 980 1640 1049 quantum
1683 971 1759 1029 ad
1784 982 2048 1031 naturam
2076 992 2248 1049 quam
2279 973 2401 1051 ipse
2430 973 2583 1050 fecit,
2619 974 2744 1034 odit

334 1065 614 1132 quantum
641 1054 716 1111 ad
744 1053 971 1131 culpam
1014 1072 1188 1129 quam
1224 1052 1487 1111 homines
1528 1061 1974 1112 contraxerunt:
2019 1052 2206 1112 Amor
2234 1054 2304 1111 E.
2337 1054 2449 1112 Dei
2477 1074 2615 1131 erga
2641 1074 2742 1112 na-

336 1142 524 1193 turam
554 1155 589 1193 a
616 1153 678 1192 se
706 1133 997 1193 conditam
1019 1133 1185 1190 illum
1200 1132 1473 1191 movebat
1493 1131 1569 1189 ad
1594 1131 2012 1209 procurandam
2034 1133 2182 1191 hanc
2201 1134 2741 1208 reconciliationem,

339 1214 535 1274 odium
567 1214 679 1272 Dei
706 1232 845 1289 erga
870 1220 1171 1291 peccatum
1194 1232 1229 1269 a
1246 1230 1307 1270 se
1328 1212 1681 1289 prohibitum
1704 1232 1738 1269 a
1757 1211 1926 1271 nobis
1954 1213 2324 1271 commissum
2345 1233 2452 1272 nos
2473 1214 2744 1291 indignos

336 1294 799 1352 reconciliatione
828 1292 1251 1367 constituebat;
1282 1291 1436 1351 unde
1466 1301 1619 1351 recte
1648 1292 1916 1367 ThomaS,
1947 1293 2029 1351 iii.
2061 1313 2118 1370 q.
2149 1295 2243 1369 49,
2279 1292 2430 1351 Arti.
2463 1298 2518 1370 4,
2551 1296 2589 1327 ‘⁶
2609 1294 2742 1353 Non

340 1373 585 1432 dicimur
610 1372 981 1451 :reconciliati
1023 1372 1191 1449 quasi
1236 1372 1397 1431 Deus
1443 1372 1515 1429 de
1564 1391 1719 1430 novo
1767 1392 1958 1431 amare
2009 1373 2300 1451 inciperet,
2347 1394 2478 1432 nam
2529 1383 2744 1433 aeterno

340 1473 531 1512 amore
560 1472 667 1511 nos
696 1452 918 1528 dilexit,
950 1452 1053 1510 sed
1080 1453 1217 1528 quia
1254 1472 1356 1530 per
1396 1453 1544 1509 hanc
1571 1452 2096 1511 reconciliationem
2145 1452 2374 1511 sublata
2419 1462 2508 1512 est
2556 1454 2744 1513 omnis

341 1533 461 1591 odii
488 1553 664 1593 causa
690 1541 813 1591 tum
840 1552 944 1609 per
970 1532 1325 1591 ablutionem
1351 1532 1573 1609 peccati
1595 1539 1717 1591 tum
1747 1551 1849 1608 per
1875 1532 2462 1611 recompensationem
2484 1543 2744 1611 accepta-

339 1612 563 1673 bilioris
589 1613 785 1672 boni.’'
869 1611 1052 1671 Nobis
1080 1612 1313 1689 quidem
1364 1611 1423 1670 id
1464 1612 1672 1670 durum
1715 1632 1782 1671 ac
1826 1611 2057 1671 difficile
2097 1611 2330 1672 videtur
2365 1622 2433 1672 ut
2478 1614 2578 1690 qui
2621 1614 2746 1674 odit

340 1692 493 1752 idem
522 1702 581 1753 et
608 1694 829 1771 diligat,
862 1694 998 1770 quia
1026 1712 1157 1752 cum
1185 1692 1423 1752 affectus
1451 1692 1665 1769 aliquis⁴
1689 1712 1795 1751 nos
1835 1693 2012 1751 habet
2055 1700 2209 1751 totos
2257 1702 2516 1770 occupat,
2565 1694 2615 1752 si
2657 1694 2744 1752 ira

340 1794 581 1832 accensa
610 1774 685 1833 sit
704 1775 767 1832 in
794 1773 1062 1850 aliquem,
1092 1774 1288 1832 nullus
1316 1780 1439 1831 tum
1468 1773 1529 1830 in
1556 1772 1726 1831 nobis
1754 1772 1955 1850 gratiae
1994 1772 2175 1849 locuS‚
2223 1773 2270 1831 si
2315 1774 2517 1850 gratia,
2569 1774 2743 1832 etiam

340 1854 719 1930 injustissima
746 1872 1138 1931 saepenumero
1179 1852 1578 1929 indulgentia;
1625 1853 1728 1911 sed
1773 1854 1822 1911 si
1858 1852 2238 1930 praecidamus
2283 1854 2745 1931 perturbationes

343 1944 403 1993 et
421 1935 665 2011 justitiae
692 1934 895 1991 habitu
920 1932 1227 1991 induamur
1254 1932 1421 1991 facile
1449 1932 1573 1990 haec
1600 1933 1754 1991 inter
1782 1952 1842 1991 se
1872 1953 2280 2010 componemus
2306 1956 2319 1992 ε
2364 1935 2540 1992 Pater
2567 1934 2742 1993 offen-

343 2034 441 2072 sus
468 2015 570 2071 filii
601 2013 949 2090 petulantia„
968 2012 1162 2088 diligit
1190 2030 1321 2071 eum
1348 2020 1414 2071 ut
1441 2011 1642 2086 filium,
1690 2011 1953 2071 irascitur
1993 2021 2186 2071 tamen
2230 2013 2283 2070 ei
2331 2022 2397 2072 ut
2443 2014 2744 2091 petulanti,

342 2094 425 2152 sic
445 2094 633 2170 judici
662 2093 859 2151 licebit
886 2092 1057 2149 irasci
1084 2099 1142 2150 et
1162 2091 1238 2149 ad
1264 2110 1492 2167 poenam
1522 2090 1764 2148 excitari
1793 2099 1851 2150 et
1889 2091 2264 2149 nihilominus
2293 2092 2570 2151 charitate
2599 2094 2748 2152 affici

341 2173 417 2231 ad
445 2171 878 2250 ignoscendum,
911 2170 1153 2228 simodo
1182 2178 1344 2228 extet
1369 2169 1471 2245 qui
1490 2168 1822 2246 fidejubeat,
1847 2169 2049 2246 quidni
2072 2172 2140 2227 E.
2169 2170 2345 2246 Deus,
2368 2171 2471 2247 qui
2489 2172 2746 2249 justissi-

343 2272 471 2309 mus
500 2261 589 2311 est
616 2259 675 2309 et
702 2250 970 2327 optimus,
1001 2249 1254 2326 potuerit
1281 2256 1339 2308 et
1365 2269 1595 2326 poenam
1629 2248 1921 2326 postulare
1949 2269 2024 2308 ex
2045 2250 2290 2326 justitia,
2335 2258 2394 2309 et
2421 2270 2496 2309 ex
2523 2252 2745 2311 miseri-

342 2330 541 2391 cordia
568 2330 1015 2389 satisfactionem
1044 2330 1213 2389 nobis
1239 2348 1544 2407 procurare
1563 2333 1592 2388 P

425 2412 527 2469 LI.
572 2415 627 2470 2.
661 2410 1123 2487 Distinguendus
1163 2432 1327 2469 amor
1371 2410 1515 2486 Dei;
1560 2410 1710 2469 alius
1751 2410 1902 2469 enim
1946 2416 2035 2470 est
2075 2410 2456 2471 benevolentiae
2483 2421 2543 2472 et
2586 2420 2745 2472 ante·

344 2492 555 2551 cedens
585 2492 684 2569 qui
713 2491 893 2550 fertur
920 2491 979 2549 in
1007 2492 1298 2569 objectum
1328 2490 1811 2568 constituendum,
1843 2491 1992 2551 alius
2020 2494 2434 2569 complacentiae
2461 2502 2520 2552 et
2548 2513 2745 2553 consc-

340 2592 525 2649 quens
552 2572 652 2650 qui
682 2571 862 2632 fertur
901 2572 961 2630 in
1004 2572 1296 2649 objectum
1336 2572 1460 2651 jam
1488 2572 1882 2647 constitutum,
1928 2572 2084 2649 prior
2123 2580 2214 2632 est
2254 2593 2368 2650 quo
2399 2574 2561 2633 Deus
2602 2574 2750 2633 bene

342 2653 469 2713 vult
497 2653 665 2713 nobis
693 2661 753 2711 et
778 2652 971 2711 media
996 2654 1295 2713 constituit
1323 2661 1381 2711 et
1409 2652 1638 2711 ordinat
1679 2652 1752 2709 ad
1794 2651 1855 2710 id
1896 2660 1962 2711 ut
2002 2652 2170 2711 nobis
2198 2654 2388 2730 reipsa
2413 2653 2750 2713 benefacere

342 2734 543 2810 possit,
576 2733 857 2811 posterior
883 2752 998 2809 quo
1026 2752 1133 2793 nos
1172 2733 1327 2792 filios
1362 2734 1485 2809 jam
1524 2733 1710 2790 factos
1751 2732 2133 2809 prosequitur,
2165 2740 2223 2789 et
2250 2732 2417 2790 nobis
2445 2735 2520 2791 ad
2548 2734 2753 2810 imagi-

342 2834 476 2872 nem
505 2833 667 2872 suam
695 2813 988 2871 renovatis
1016 2813 1273 2889 impense
1302 2811 1654 2886 delectatur;
1700 2810 1817 2868 Hic
1846 2830 1983 2869 sane
2011 2829 2128 2869 non
2155 2818 2346 2885 potest
2367 2832 2496 2869 cum
2526 2814 2612 2870 ira
2639 2814 2682 2871 J
2687 2832 2750 2870 u-

342 2893 489 2951 dicis
520 2901 578 2951 et
604 2892 796 2949 animo
824 2890 994 2966 plane
1021 2890 1245 2949 infenso
1280 2891 1611 2963 consistere,
1657 2908 1792 2946 nam
1833 2908 2002 2965 quem
2031 2889 2114 2947 ita
2141 2888 2335 2963 diligit
2363 2897 2428 2947 ut
2452 2891 2514 2947 in
2543 2911 2611 2949 eo
2641 2892 2754 2949 sibi

344 2971 697 3047 complaceat
726 2970 811 3027 illi
839 2970 1018 3027 iratus
1046 2990 1173 3028 esse
1200 2970 1417 3045 nequit,
1464 2969 1567 3027 sed
1594 2966 1856 3043 placatus
1885 2986 2010 3025 esse
2041 2968 2418 3043 supponitur;
2463 2978 2522 3027 at
2549 2969 2622 3027 de
2651 2970 2754 3029 illo

342 3050 511 3109 aliter
538 3069 599 3107 se
628 3060 720 3107 'res
747 3048 937 3122 habet,
982 3048 1129 3105 nihil
1156 3050 1309 3107 enim
1339 3048 1531 3106 obstat
1570 3046 1852 3105 offensum
1881 3066 2072 3105 amare
2102 3045 2484 3106 offendentem
2515 3055 2753 3109 eatenus

342 3138 409 3189 ut
436 3130 519 3187 illi
551 3128 699 3187 bene
726 3127 871 3185 velit
898 3136 957 3187 et
982 3128 1175 3186 media
1210 3127 1285 3185 ad
1324 3126 1848 3185 reconciliationem
1891 3125 2323 3186 subministrare
2353 3128 2624 3205 dignetur
2651 3131 2753 3207 qui

342 3218 537 3269 tamen
579 3228 649 3268 eo
693 3208 819 3285 ipso
862 3208 1267 3266 reconciliatus
1313 3226 1425 3265 non
1470 3215 1662 3285 potest
1699 3207 1834 3265 dici.
1897 3207 2245 3283 Exemplum
2273 3208 2449 3287 hujus
2477 3210 2560 3268 rei
2587 3212 2750 3270 lucu-

342 3290 563 3350 lentum
592 3296 755 3349 extat
781 3287 937 3365 apud
963 3288 1008 3348 J
1010 3288 1103 3363 ob,
1128 3308 1251 3365 cap.
1274 3288 1395 3345 xlii.
1428 3291 1481 3360 7,
1509 3290 1544 3346 8
1569 3310 1583 3364 ;
1618 3287 1786 3346 Dixit
1807 3288 1850 3348 J
1854 3288 2040 3347 ehova
2069 3288 2350 3365 Eliphazo
2372 3290 2747 3368 Themanitae,

348 3375 383 3405 ‘⁴
414 3372 681 3431 Accensa
708 3378 796 3429 est
836 3369 923 3427 ira
962 3388 1093 3427 mea
1136 3369 1197 3425 in
1240 3376 1299 3427 te
1342 3377 1399 3427 et
1436 3368 1583 3426 duos
1630 3368 1845 3427 amicos
1891 3378 2020 3427 tuos
2049 3369 2185 3447 quia
2212 3389 2326 3429 non
2357 3372 2496 3430 estis
2524 3371 2752 3449 loquuti

265 3466 271 3479 ·
341 3461 497 3511 recte
526 3461 591 3511 ut
619 3470 821 3511 servus
850 3468 1012 3507 meus
1040 3449 1160 3508 Job
1180 3450 1235 3524 ;'’
1278 3448 1472 3507 viden’
1504 3450 1694 3508 Deum
1725 3449 1951 3521 iratum,
1995 3470 2102 3508 nec
2143 3458 2336 3511 tamen
2363 3472 2598 3529 prorsus
2627 3452 2751 3511 sine

344 3533 538 3609 aliqua
566 3530 891 3605 dilectione,
934 3547 1070 3586 nam
1110 3549 1245 3589 ecce
1288 3529 1481 3588 statim
1526 3530 1944 3589 benevolentiae
1985 3540 2406 3607 argumentum,
2459 3534 2494 3565 “
2528 3532 2750 3591 Sumite

345 3632 497 3670 nunc
520 3611 687 3668 vobis
710 3617 929 3686 septem
952 3610 1237 3684 juvencos
1258 3618 1318 3669 et
1339 3618 1555 3687 septem
1579 3610 1788 3669 arietes
1809 3617 1869 3669 et
1888 3610 2044 3669 adite
2067 3631 2298 3670 servum
2319 3632 2509 3671 meum
2529 3612 2572 3671 J
2575 3611 2750 3671 obum

340 3700 408 3749 ut
436 3689 789 3748 offerendum
818 3690 1029 3749 curetis
1054 3690 1453 3749 holocaustum
1484 3710 1589 3767 pro
1614 3690 1802 3765 vobis,
1833 3710 1966 3749 nam
1993 3711 2130 3749 vere
2170 3712 2473 3769 personam
2503 3690 2629 3768 ejus
2657 3710 2753 3749 ac-

344 3770 610 3847 cipiam.''
657 3769 837 3829 Amat
866 3771 935 3828 E.
966 3790 1096 3829 cum
1125 3770 1317 3829 media
1342 3770 1623 3829 redeundi
1653 3790 1846 3829 secum
1874 3771 1935 3827 in
1965 3771 2206 3847 gratiam
2251 3770 2596 3849 suppeditat,
2641 3790 2748 3829 nec

344 3849 481 3907 dum
512 3858 704 3907 tamen
732 3856 821 3908 est
860 3850 1138 3927 placatus,
1186 3849 1328 3908 alias
1373 3850 1515 3927 quid
1560 3870 1704 3927 opus
1746 3849 1950 3909 fuisset
1991 3850 2287 3909 sacrificiis
2315 3852 2389 3909 ad
2416 3849 2749 3909 reconcilia-

342 3928 556 3987 tionem
588 3929 957 3987 obtinendam
974 3934 1003 3989 Ρ
1046 3930 1139 3989 Ita
1166 3931 1215 3988 si
1246 3930 1405 3989 Deus
1432 3950 1539 3988 nos
1567 3930 1842 3988 dilexisse
1871 3929 2158 3989 diceretur
2177 3950 2369 3989 amore
2391 3929 2750 4006 complacen-

344 4008 439 4066 tiae
468 4016 602 4067 ante
633 4009 941 4085 Christum,
985 4010 1185 4087 utique
1212 4009 1375 4068 nulla
1402 4030 1547 4087 opus
1583 4009 1790 4068 fuisset
1828 4010 1926 4068 vel
1963 4010 2428 4068 reconciliatione
2459 4010 2554 4067 vel
2583 4012 2749 4069 satis-

344 4088 607 4162 factione,
640 4098 699 4147 at
727 4108 905 4166 quum
934 4089 1168 4149 dilectio
1196 4110 1265 4148 ea
1293 4089 1465 4148 fuerit
1490 4098 1716 4149 tanturn
1742 4089 2162 4148 benevolentiae
2190 4108 2306 4166 qua
2333 4089 2522 4147 media
2549 4108 2748 4149 recon-

342 4168 651 4228 ciliationis
678 4170 803 4245 ipse
829 4170 1177 4246 procuravit,
1220 4188 1517 4246 perperam
1546 4190 1623 4228 ex
1651 4188 1719 4227 eo
1751 4168 2159 4228 satisfactionis
2199 4169 2415 4227 veritas
2452 4168 2748 4246 evertitur,

342 4268 457 4328 quo
486 4248 834 4307 solidissimo
861 4250 989 4326 ipsa
1016 4249 1321 4309 stabilitur.

424 4329 563 4387 LII.
609 4329 809 4405 Atque
828 4329 965 4387 hinc
990 4328 1159 4387 facile
1202 4328 1375 4387 etiam
1419 4329 1666 4387 solvitur
1706 4326 1863 4403 quod
1891 4330 1954 4387 3ο
1980 4327 2110 4386 loco
2138 4327 2548 4403 adducebatur,
2580 4329 2747 4390 nimi-

341 4429 470 4467 rum
498 4408 1025 4469 reconciliationem
1054 4407 1501 4467 satisfactionem
1544 4406 1854 4465 excludere
1897 4427 2028 4466 cum
2063 4428 2168 4485 per
2193 4429 2305 4467 non
2333 4409 2750 4485 imputationem

333 4499 697 4566 peccatorum
727 4488 1117 4563 describatur3
1148 4496 1374 4549 tantum
1417 4487 1581 4546 abest
1625 4487 1778 4545 enim
1817 4496 1884 4546 ut
1911 4506 1986 4546 ex
2015 4508 2084 4546 eo
2115 4488 2429 4549 satisfactio
2458 4498 2751 4552 evertatur

336 4579 405 4631 ut
432 4570 647 4631 diserte
676 4570 868 4647 potius
897 4577 1288 4648 supponatur:
1332 4568 1559 4645 Quippe
1598 4586 1894 4643 nunquam
1934 4568 2103 4627 nobis
2129 4570 2345 4629 remitti
2373 4578 2472 4629 aut
2498 4590 2616 4629 non
2644 4574 2748 4631 im-

339 4652 530 4728 putari
558 4651 884 4731 potuissent
910 4658 1147 4729 peccata
1172 4648 1287 4709 nisi
1315 4648 1545 4709 Christo
1574 4647 1855 4726 imputata
1881 4648 2158 4727 fuissent,
2203 4659 2505 4729 propterea
2534 4652 2751 4713 Paulus
