<?xml version="1.0" encoding="UTF-8"?>
<!DOCTYPE html PUBLIC "-//W3C//DTD XHTML 1.0 Transitional//EN"
    "http://www.w3.org/TR/xhtml1/DTD/xhtml1-transitional.dtd">
<html xmlns="http://www.w3.org/1999/xhtml" xml:lang="en" lang="en">
 <head>
  <title>
</title>
<meta http-equiv="Content-Type" content="text/html;charset=utf-8" />
  <meta name='ocr-system' content='tesseract 3.04.00' />
  <meta name='ocr-capabilities' content='ocr_page ocr_carea ocr_par ocr_line ocrx_word'/>
</head>
<body>
  <div class='ocr_page' id='page_1' title='image "./denecessariasec00turrgoog_0770.png"; bbox 0 0 3234 5192; ppageno 0'>
   <div class='ocr_carea' id='block_1_1' title="bbox 487 340 2904 423">
    <p class='ocr_par' dir='ltr' id='par_1_1' title="bbox 487 340 2904 423">
     <span class='ocr_line' id='line_1_1' title="bbox 487 340 2904 423; baseline 0 -21"><span class='ocrx_word' id='word_1_1' title='bbox 487 345 605 403; x_wconf 83' lang='lat'><strong>700</strong></span> <span class='ocrx_word' id='word_1_2' title='bbox 1032 360 1111 399; x_wconf 78' lang='lat' dir='ltr'><strong>nn</strong></span> <span class='ocrx_word' id='word_1_3' title='bbox 1141 358 1625 402; x_wconf 65' lang='lat' dir='ltr'><strong>sarxsracrioms</strong></span> <span class='ocrx_word' id='word_1_4' title='bbox 1653 360 1890 402; x_wconf 72' lang='lat' dir='ltr'><strong>cumen</strong></span> <span class='ocrx_word' id='word_1_5' title='bbox 1921 360 2345 401; x_wconf 68' lang='lat' dir='ltr'><strong>rsuram-mna.</strong></span> <span class='ocrx_word' id='word_1_6' title='bbox 2429 340 2692 423; x_wconf 72' lang='lat' dir='ltr'><strong>[msru‘r.</strong></span> <span class='ocrx_word' id='word_1_7' title='bbox 2725 360 2904 403; x_wconf 77' lang='lat' dir='ltr'><strong>xxm.</strong></span> 
     </span>
    </p>
   </div>
   <div class='ocr_carea' id='block_1_2' title="bbox 460 500 2939 4736">
    <p class='ocr_par' dir='ltr' id='par_1_2' title="bbox 475 500 2898 1918">
     <span class='ocr_line' id='line_1_2' title="bbox 482 500 2898 580; baseline 0 -19"><span class='ocrx_word' id='word_1_8' title='bbox 482 500 716 561; x_wconf 76' lang='lat' dir='ltr'><strong>damnet</strong></span> <span class='ocrx_word' id='word_1_9' title='bbox 744 500 817 559; x_wconf 85' lang='lat' dir='ltr'><strong>ad</strong></span> <span class='ocrx_word' id='word_1_10' title='bbox 844 501 1085 562; x_wconf 71' lang='lat' dir='ltr'><strong>maculae</strong></span> <span class='ocrx_word' id='word_1_11' title='bbox 1114 502 1533 579; x_wconf 84' lang='lat' dir='ltr'>purgationem,</span> <span class='ocrx_word' id='word_1_12' title='bbox 1568 502 1737 562; x_wconf 89' lang='lat' dir='ltr'><strong>Rom.</strong></span> <span class='ocrx_word' id='word_1_13' title='bbox 1768 503 1848 562; x_wconf 86' lang='lat' dir='ltr'><strong>vi.</strong></span> <span class='ocrx_word' id='word_1_14' title='bbox 1879 505 1934 580; x_wconf 84' lang='lat'><strong>6,</strong></span> <span class='ocrx_word' id='word_1_15' title='bbox 1961 507 2016 576; x_wconf 83' lang='lat'><strong>7,</strong></span> <span class='ocrx_word' id='word_1_16' title='bbox 2047 505 2102 563; x_wconf 88' lang='lat'><strong>8.</strong></span> <span class='ocrx_word' id='word_1_17' title='bbox 2148 506 2204 561; x_wconf 90' lang='grc'><strong>4.</strong></span> <span class='ocrx_word' id='word_1_18' title='bbox 2226 502 2374 577; x_wconf 83' lang='lat' dir='ltr'>Quia</span> <span class='ocrx_word' id='word_1_19' title='bbox 2394 509 2460 561; x_wconf 91' lang='lat' dir='ltr'><strong>ut</strong></span> <span class='ocrx_word' id='word_1_20' title='bbox 2497 521 2686 579; x_wconf 75' lang='lat' dir='ltr'><strong>poenae</strong></span> <span class='ocrx_word' id='word_1_21' title='bbox 2715 504 2898 563; x_wconf 84' lang='lat' dir='ltr'><strong>sonti-</strong></span> 
     </span>
     <span class='ocr_line' id='line_1_3' title="bbox 482 581 2898 659; baseline 0.001 -19"><span class='ocrx_word' id='word_1_22' title='bbox 482 582 595 641; x_wconf 91' lang='lat' dir='ltr'><strong>bus</strong></span> <span class='ocrx_word' id='word_1_23' title='bbox 621 581 965 658; x_wconf 87' lang='lat' dir='ltr'><strong>infliguntur</strong></span> <span class='ocrx_word' id='word_1_24' title='bbox 992 601 1067 641; x_wconf 87' lang='lat' dir='ltr'><strong>ex</strong></span> <span class='ocrx_word' id='word_1_25' title='bbox 1094 582 1139 641; x_wconf 90' lang='lat' dir='ltr'><strong>J</strong></span> <span class='ocrx_word' id='word_1_26' title='bbox 1143 582 1328 641; x_wconf 90' lang='lat' dir='ltr'><strong>udicis</strong></span> <span class='ocrx_word' id='word_1_27' title='bbox 1356 583 1609 657; x_wconf 80' lang='lat' dir='ltr'>arbitrie,</span> <span class='ocrx_word' id='word_1_28' title='bbox 1657 590 1716 641; x_wconf 86' lang='lat' dir='ltr'><strong>et</strong></span> <span class='ocrx_word' id='word_1_29' title='bbox 1757 582 1914 641; x_wconf 87' lang='lat' dir='ltr'><strong>carni</strong></span> <span class='ocrx_word' id='word_1_30' title='bbox 1957 591 2092 642; x_wconf 87' lang='lat' dir='ltr'><strong>sunt</strong></span> <span class='ocrx_word' id='word_1_31' title='bbox 2125 602 2334 659; x_wconf 84' lang='lat' dir='ltr'><strong>graves</strong></span> <span class='ocrx_word' id='word_1_32' title='bbox 2362 602 2429 641; x_wconf 87' lang='lat' dir='ltr'><strong>ac</strong></span> <span class='ocrx_word' id='word_1_33' title='bbox 2458 583 2754 657; x_wconf 77' lang='lat' dir='ltr'><strong>molestae3</strong></span> <span class='ocrx_word' id='word_1_34' title='bbox 2801 583 2898 642; x_wconf 86' lang='lat' dir='ltr'><strong>Ita</strong></span> 
     </span>
     <span class='ocr_line' id='line_1_4' title="bbox 481 662 2897 740; baseline 0.001 -21"><span class='ocrx_word' id='word_1_35' title='bbox 481 682 601 721; x_wconf 90' lang='lat' dir='ltr'><strong>non</strong></span> <span class='ocrx_word' id='word_1_36' title='bbox 629 671 843 721; x_wconf 88' lang='lat' dir='ltr'><strong>temere</strong></span> <span class='ocrx_word' id='word_1_37' title='bbox 872 662 977 721; x_wconf 89' lang='lat' dir='ltr'><strong>sed</strong></span> <span class='ocrx_word' id='word_1_38' title='bbox 1004 671 1161 721; x_wconf 87' lang='lat' dir='ltr'><strong>certa</strong></span> <span class='ocrx_word' id='word_1_39' title='bbox 1193 662 1302 721; x_wconf 92' lang='lat' dir='ltr'><strong>Dei</strong></span> <span class='ocrx_word' id='word_1_40' title='bbox 1333 662 1762 740; x_wconf 83' lang='lat' dir='ltr'><strong>dispensatione</strong></span> <span class='ocrx_word' id='word_1_41' title='bbox 1789 663 1958 721; x_wconf 88' lang='lat' dir='ltr'><strong>nobis</strong></span> <span class='ocrx_word' id='word_1_42' title='bbox 1985 664 2390 738; x_wconf 87' lang='lat' dir='ltr'><strong>immittuntur,</strong></span> <span class='ocrx_word' id='word_1_43' title='bbox 2417 670 2475 721; x_wconf 86' lang='lat' dir='ltr'><strong>et</strong></span> <span class='ocrx_word' id='word_1_44' title='bbox 2496 662 2654 721; x_wconf 87' lang='lat' dir='ltr'><strong>carni</strong></span> <span class='ocrx_word' id='word_1_45' title='bbox 2681 671 2897 723; x_wconf 61' lang='lat' dir='ltr'><strong>nostrat</strong></span> 
     </span>
     <span class='ocr_line' id='line_1_5' title="bbox 484 742 2898 820; baseline 0.001 -19"><span class='ocrx_word' id='word_1_46' title='bbox 484 762 602 801; x_wconf 87' lang='lat' dir='ltr'><strong>non</strong></span> <span class='ocrx_word' id='word_1_47' title='bbox 629 762 831 819; x_wconf 83' lang='lat' dir='ltr'><strong>parum</strong></span> <span class='ocrx_word' id='word_1_48' title='bbox 861 751 995 802; x_wconf 88' lang='lat' dir='ltr'><strong>sunt</strong></span> <span class='ocrx_word' id='word_1_49' title='bbox 1017 742 1237 801; x_wconf 76' lang='lat' dir='ltr'><strong>acerbae</strong></span> <span class='ocrx_word' id='word_1_50' title='bbox 1266 753 1325 801; x_wconf 90' lang='lat' dir='ltr'><strong>et</strong></span> <span class='ocrx_word' id='word_1_51' title='bbox 1353 743 1529 802; x_wconf 86' lang='lat' dir='ltr'><strong>durae.</strong></span> <span class='ocrx_word' id='word_1_52' title='bbox 1599 746 1657 801; x_wconf 87' lang='lat'><strong>5.</strong></span> <span class='ocrx_word' id='word_1_53' title='bbox 1704 742 1968 819; x_wconf 90' lang='lat' dir='ltr'><strong>Denique</strong></span> <span class='ocrx_word' id='word_1_54' title='bbox 1997 763 2184 819; x_wconf 83' lang='lat' dir='ltr'><strong>poenae</strong></span> <span class='ocrx_word' id='word_1_55' title='bbox 2210 752 2454 820; x_wconf 81' lang='lat' dir='ltr'>possunt</span> <span class='ocrx_word' id='word_1_56' title='bbox 2481 743 2652 801; x_wconf 81' lang='lat' dir='ltr'><strong>etiam</strong></span> <span class='ocrx_word' id='word_1_57' title='bbox 2677 744 2792 803; x_wconf 89' lang='lat' dir='ltr'><strong>dici</strong></span> <span class='ocrx_word' id='word_1_58' title='bbox 2820 764 2898 803; x_wconf 83' lang='lat' dir='ltr'><strong>ex</strong></span> 
     </span>
     <span class='ocr_line' id='line_1_6' title="bbox 484 822 2896 900; baseline 0.001 -19"><span class='ocrx_word' id='word_1_59' title='bbox 484 842 657 881; x_wconf 89' lang='lat' dir='ltr'><strong>sensu</strong></span> <span class='ocrx_word' id='word_1_60' title='bbox 686 822 941 880; x_wconf 86' lang='lat' dir='ltr'><strong>fidelium</strong></span> <span class='ocrx_word' id='word_1_61' title='bbox 972 823 1073 899; x_wconf 89' lang='lat' dir='ltr'><strong>qui</strong></span> <span class='ocrx_word' id='word_1_62' title='bbox 1102 823 1161 880; x_wconf 91' lang='lat' dir='ltr'><strong>in</strong></span> <span class='ocrx_word' id='word_1_63' title='bbox 1190 843 1539 900; x_wconf 85' lang='lat' dir='ltr'><strong>paroxysmo</strong></span> <span class='ocrx_word' id='word_1_64' title='bbox 1573 822 1911 882; x_wconf 80' lang='lat' dir='ltr'><strong>tentationis</strong></span> <span class='ocrx_word' id='word_1_65' title='bbox 1941 822 2130 881; x_wconf 91' lang='lat' dir='ltr'><strong>Deum</strong></span> <span class='ocrx_word' id='word_1_66' title='bbox 2174 842 2324 900; x_wconf 85' lang='lat' dir='ltr'><strong>saepe</strong></span> <span class='ocrx_word' id='word_1_67' title='bbox 2367 822 2480 881; x_wconf 88' lang='lat' dir='ltr'><strong>sibi</strong></span> <span class='ocrx_word' id='word_1_68' title='bbox 2517 822 2728 882; x_wconf 90' lang='lat' dir='ltr'><strong>iratum</strong></span> <span class='ocrx_word' id='word_1_69' title='bbox 2767 842 2896 883; x_wconf 82' lang='lat' dir='ltr'><strong>esse</strong></span> 
     </span>
     <span class='ocr_line' id='line_1_7' title="bbox 482 902 2892 980; baseline 0 -19"><span class='ocrx_word' id='word_1_70' title='bbox 482 910 817 980; x_wconf 76' lang='lat' dir='ltr'><strong>quaeruntur</strong></span> <span class='ocrx_word' id='word_1_71' title='bbox 842 924 855 961; x_wconf 92' lang='lat'><strong>:</strong></span> <span class='ocrx_word' id='word_1_72' title='bbox 900 902 1185 961; x_wconf 84' lang='lat' dir='ltr'><strong>Nimirum</strong></span> <span class='ocrx_word' id='word_1_73' title='bbox 1216 903 1352 980; x_wconf 86' lang='lat' dir='ltr'><strong>quia</strong></span> <span class='ocrx_word' id='word_1_74' title='bbox 1379 923 1530 979; x_wconf 80' lang='lat' dir='ltr'><strong>saepe</strong></span> <span class='ocrx_word' id='word_1_75' title='bbox 1560 902 1808 961; x_wconf 85' lang='lat' dir='ltr'><strong>infantes</strong></span> <span class='ocrx_word' id='word_1_76' title='bbox 1837 910 1972 962; x_wconf 87' lang='lat' dir='ltr'><strong>sunt</strong></span> <span class='ocrx_word' id='word_1_77' title='bbox 1993 903 2199 979; x_wconf 83' lang='lat' dir='ltr'><strong>adhuc,</strong></span> <span class='ocrx_word' id='word_1_78' title='bbox 2231 903 2361 960; x_wconf 92' lang='lat' dir='ltr'><strong>ideo</strong></span> <span class='ocrx_word' id='word_1_79' title='bbox 2391 922 2688 961; x_wconf 85' lang='lat' dir='ltr'><strong>servorum</strong></span> <span class='ocrx_word' id='word_1_80' title='bbox 2716 923 2892 979; x_wconf 85' lang='lat' dir='ltr'><strong>more,</strong></span> 
     </span>
     <span class='ocr_line' id='line_1_8' title="bbox 485 982 2898 1060; baseline 0 -19"><span class='ocrx_word' id='word_1_81' title='bbox 485 982 770 1041; x_wconf 80' lang='lat' dir='ltr'><strong>Dominus</strong></span> <span class='ocrx_word' id='word_1_82' title='bbox 816 1002 915 1040; x_wconf 88' lang='lat' dir='ltr'><strong>eos</strong></span> <span class='ocrx_word' id='word_1_83' title='bbox 959 1002 1371 1059; x_wconf 89' lang='lat' dir='ltr'><strong>nonnunquam</strong></span> <span class='ocrx_word' id='word_1_84' title='bbox 1412 983 1613 1041; x_wconf 85' lang='lat' dir='ltr'><strong>durius</strong></span> <span class='ocrx_word' id='word_1_85' title='bbox 1651 990 1877 1057; x_wconf 88' lang='lat' dir='ltr'><strong>tractat,</strong></span> <span class='ocrx_word' id='word_1_86' title='bbox 1925 991 1984 1042; x_wconf 91' lang='lat' dir='ltr'><strong>et</strong></span> <span class='ocrx_word' id='word_1_87' title='bbox 2025 982 2230 1041; x_wconf 85' lang='lat' dir='ltr'><strong>faciem</strong></span> <span class='ocrx_word' id='word_1_88' title='bbox 2273 982 2452 1060; x_wconf 88' lang='lat' dir='ltr'><strong>patris</strong></span> <span class='ocrx_word' id='word_1_89' title='bbox 2480 982 2800 1060; x_wconf 83' lang='lat' dir='ltr'><strong>abscondit,</strong></span> <span class='ocrx_word' id='word_1_90' title='bbox 2829 992 2898 1043; x_wconf 89' lang='lat' dir='ltr'><strong>ut</strong></span> 
     </span>
     <span class='ocr_line' id='line_1_9' title="bbox 484 1061 2894 1141; baseline 0.002 -22"><span class='ocrx_word' id='word_1_91' title='bbox 484 1063 709 1122; x_wconf 83' lang='lat' dir='ltr'><strong>vultum</strong></span> <span class='ocrx_word' id='word_1_92' title='bbox 742 1082 1005 1120; x_wconf 78' lang='lat' dir='ltr'><strong>severum</strong></span> <span class='ocrx_word' id='word_1_93' title='bbox 1029 1061 1246 1139; x_wconf 88' lang='lat' dir='ltr'><strong>judicis</strong></span> <span class='ocrx_word' id='word_1_94' title='bbox 1275 1070 1561 1137; x_wconf 79' lang='lat' dir='ltr'><strong>ostentet3</strong></span> <span class='ocrx_word' id='word_1_95' title='bbox 1608 1062 1816 1139; x_wconf 85' lang='lat' dir='ltr'><strong>Itaque</strong></span> <span class='ocrx_word' id='word_1_96' title='bbox 1846 1062 1985 1121; x_wconf 91' lang='lat' dir='ltr'><strong>dum</strong></span> <span class='ocrx_word' id='word_1_97' title='bbox 2012 1061 2155 1123; x_wconf 86' lang='lat' dir='ltr'><strong>latet</strong></span> <span class='ocrx_word' id='word_1_98' title='bbox 2181 1062 2327 1123; x_wconf 89' lang='lat' dir='ltr'><strong>fides</strong></span> <span class='ocrx_word' id='word_1_99' title='bbox 2369 1071 2426 1121; x_wconf 91' lang='lat' dir='ltr'><strong>et</strong></span> <span class='ocrx_word' id='word_1_100' title='bbox 2460 1063 2894 1141; x_wconf 81' lang='lat' dir='ltr'><strong>justificationis</strong></span> 
     </span>
     <span class='ocr_line' id='line_1_10' title="bbox 486 1142 2893 1221; baseline 0 -20"><span class='ocrx_word' id='word_1_101' title='bbox 486 1162 706 1219; x_wconf 88' lang='lat' dir='ltr'><strong>sensus,</strong></span> <span class='ocrx_word' id='word_1_102' title='bbox 732 1162 916 1220; x_wconf 78' lang='lat' dir='ltr'><strong>poenae</strong></span> <span class='ocrx_word' id='word_1_103' title='bbox 939 1142 1031 1201; x_wconf 80' lang='lat' dir='ltr'><strong>vis</strong></span> <span class='ocrx_word' id='word_1_104' title='bbox 1059 1150 1231 1219; x_wconf 88' lang='lat' dir='ltr'><strong>atque</strong></span> <span class='ocrx_word' id='word_1_105' title='bbox 1263 1142 1529 1201; x_wconf 90' lang='lat' dir='ltr'><strong>stimulus</strong></span> <span class='ocrx_word' id='word_1_106' title='bbox 1556 1143 1707 1219; x_wconf 88' lang='lat' dir='ltr'><strong>legis</strong></span> <span class='ocrx_word' id='word_1_107' title='bbox 1737 1143 2118 1221; x_wconf 73' lang='lat' dir='ltr'><strong>expergescit,</strong></span> <span class='ocrx_word' id='word_1_108' title='bbox 2152 1142 2321 1202; x_wconf 89' lang='lat' dir='ltr'><strong>Rom.</strong></span> <span class='ocrx_word' id='word_1_109' title='bbox 2351 1143 2452 1201; x_wconf 85' lang='lat' dir='ltr'><strong>vii.</strong></span> <span class='ocrx_word' id='word_1_110' title='bbox 2484 1147 2580 1219; x_wconf 82' lang='lat'><strong>24,</strong></span> <span class='ocrx_word' id='word_1_111' title='bbox 2612 1146 2708 1219; x_wconf 84' lang='lat'><strong>25,</strong></span> <span class='ocrx_word' id='word_1_112' title='bbox 2738 1144 2893 1203; x_wconf 88' lang='lat' dir='ltr'><strong>unde</strong></span> 
     </span>
     <span class='ocr_line' id='line_1_11' title="bbox 481 1222 2892 1301; baseline 0 -19"><span class='ocrx_word' id='word_1_113' title='bbox 481 1222 542 1282; x_wconf 88' lang='lat' dir='ltr'><strong>in</strong></span> <span class='ocrx_word' id='word_1_114' title='bbox 586 1244 654 1281; x_wconf 95' lang='lat' dir='ltr'><strong>eo</strong></span> <span class='ocrx_word' id='word_1_115' title='bbox 698 1242 869 1281; x_wconf 87' lang='lat' dir='ltr'><strong>sensu</strong></span> <span class='ocrx_word' id='word_1_116' title='bbox 912 1222 1147 1300; x_wconf 82' lang='lat' dir='ltr'><strong>ejulant,</strong></span> <span class='ocrx_word' id='word_1_117' title='bbox 1194 1231 1253 1282; x_wconf 90' lang='lat' dir='ltr'><strong>et</strong></span> <span class='ocrx_word' id='word_1_118' title='bbox 1289 1222 1388 1281; x_wconf 83' lang='lat' dir='ltr'><strong>irae</strong></span> <span class='ocrx_word' id='word_1_119' title='bbox 1418 1222 1632 1282; x_wconf 73' lang='lat' dir='ltr'><strong>divinae</strong></span> <span class='ocrx_word' id='word_1_120' title='bbox 1661 1222 1932 1283; x_wconf 89' lang='lat' dir='ltr'><strong>fluctibus</strong></span> <span class='ocrx_word' id='word_1_121' title='bbox 1961 1224 2206 1301; x_wconf 89' lang='lat' dir='ltr'><strong>opprimi</strong></span> <span class='ocrx_word' id='word_1_122' title='bbox 2235 1244 2296 1282; x_wconf 90' lang='lat' dir='ltr'><strong>se</strong></span> <span class='ocrx_word' id='word_1_123' title='bbox 2324 1224 2711 1301; x_wconf 81' lang='lat' dir='ltr'><strong>arbitrantur3</strong></span> <span class='ocrx_word' id='word_1_124' title='bbox 2757 1244 2892 1283; x_wconf 88' lang='lat' dir='ltr'><strong>con-</strong></span> 
     </span>
     <span class='ocr_line' id='line_1_12' title="bbox 482 1302 2889 1383; baseline 0.001 -22"><span class='ocrx_word' id='word_1_125' title='bbox 482 1312 801 1380; x_wconf 90' lang='lat' dir='ltr'><strong>queruntur</strong></span> <span class='ocrx_word' id='word_1_126' title='bbox 845 1303 1143 1362; x_wconf 84' lang='lat' dir='ltr'><strong>dexteram</strong></span> <span class='ocrx_word' id='word_1_127' title='bbox 1188 1302 1425 1361; x_wconf 88' lang='lat' dir='ltr'><strong>Excelsi</strong></span> <span class='ocrx_word' id='word_1_128' title='bbox 1469 1324 1595 1363; x_wconf 90' lang='lat' dir='ltr'><strong>esse</strong></span> <span class='ocrx_word' id='word_1_129' title='bbox 1642 1312 1938 1380; x_wconf 87' lang='lat' dir='ltr'><strong>mutatam,</strong></span> <span class='ocrx_word' id='word_1_130' title='bbox 1973 1304 2127 1363; x_wconf 84' lang='lat' dir='ltr'><strong>Psal.</strong></span> <span class='ocrx_word' id='word_1_131' title='bbox 2161 1304 2371 1363; x_wconf 84' lang='lat' dir='ltr'><strong>lxxvii.</strong></span> <span class='ocrx_word' id='word_1_132' title='bbox 2407 1305 2497 1379; x_wconf 86' lang='lat'><strong>10,</strong></span> <span class='ocrx_word' id='word_1_133' title='bbox 2550 1312 2610 1363; x_wconf 91' lang='lat' dir='ltr'><strong>et</strong></span> <span class='ocrx_word' id='word_1_134' title='bbox 2651 1324 2712 1364; x_wconf 88' lang='lat' dir='ltr'><strong>se</strong></span> <span class='ocrx_word' id='word_1_135' title='bbox 2759 1324 2889 1383; x_wconf 90' lang='lat' dir='ltr'><strong>pro·</strong></span> 
     </span>
     <span class='ocr_line' id='line_1_13' title="bbox 475 1382 2889 1463; baseline 0.001 -22"><span class='ocrx_word' id='word_1_136' title='bbox 475 1384 667 1461; x_wconf 88' lang='lat' dir='ltr'><strong>jectos</strong></span> <span class='ocrx_word' id='word_1_137' title='bbox 712 1403 839 1442; x_wconf 87' lang='lat' dir='ltr'><strong>esse</strong></span> <span class='ocrx_word' id='word_1_138' title='bbox 882 1384 956 1441; x_wconf 88' lang='lat' dir='ltr'><strong>ab</strong></span> <span class='ocrx_word' id='word_1_139' title='bbox 1001 1385 1129 1461; x_wconf 86' lang='lat' dir='ltr'><strong>ejus</strong></span> <span class='ocrx_word' id='word_1_140' title='bbox 1172 1382 1337 1441; x_wconf 86' lang='lat' dir='ltr'><strong>facie.</strong></span> <span class='ocrx_word' id='word_1_141' title='bbox 1402 1384 1497 1442; x_wconf 90' lang='lat' dir='ltr'><strong>Ita</strong></span> <span class='ocrx_word' id='word_1_142' title='bbox 1523 1404 1654 1443; x_wconf 87' lang='lat' dir='ltr'><strong>cum</strong></span> <span class='ocrx_word' id='word_1_143' title='bbox 1687 1384 1812 1442; x_wconf 87' lang='lat' dir='ltr'><strong>Lex</strong></span> <span class='ocrx_word' id='word_1_144' title='bbox 1843 1393 2110 1461; x_wconf 81' lang='lat' dir='ltr'><strong>operatur</strong></span> <span class='ocrx_word' id='word_1_145' title='bbox 2137 1385 2297 1459; x_wconf 85' lang='lat' dir='ltr'><strong>iram,</strong></span> <span class='ocrx_word' id='word_1_146' title='bbox 2329 1382 2560 1443; x_wconf 87' lang='lat' dir='ltr'><strong>afflictio</strong></span> <span class='ocrx_word' id='word_1_147' title='bbox 2587 1385 2889 1463; x_wconf 88' lang='lat' dir='ltr'><strong>poenalita-</strong></span> 
     </span>
     <span class='ocr_line' id='line_1_14' title="bbox 483 1463 2892 1541; baseline 0.001 -20"><span class='ocrx_word' id='word_1_148' title='bbox 483 1471 601 1523; x_wconf 86' lang='lat' dir='ltr'><strong>tem</strong></span> <span class='ocrx_word' id='word_1_149' title='bbox 644 1463 877 1522; x_wconf 79' lang='lat' dir='ltr'><strong>videtur</strong></span> <span class='ocrx_word' id='word_1_150' title='bbox 920 1463 1128 1523; x_wconf 89' lang='lat' dir='ltr'><strong>inferre</strong></span> <span class='ocrx_word' id='word_1_151' title='bbox 1153 1486 1167 1541; x_wconf 89' lang='lat'>;</span> <span class='ocrx_word' id='word_1_152' title='bbox 1214 1463 1498 1523; x_wconf 73' lang='lat' dir='ltr'><strong>Caeterum</strong></span> <span class='ocrx_word' id='word_1_153' title='bbox 1542 1472 1608 1522; x_wconf 91' lang='lat' dir='ltr'><strong>ut</strong></span> <span class='ocrx_word' id='word_1_154' title='bbox 1653 1464 2004 1541; x_wconf 79' lang='lat' dir='ltr'><strong>dispensatio</strong></span> <span class='ocrx_word' id='word_1_155' title='bbox 2048 1464 2174 1523; x_wconf 84' lang='lat' dir='ltr'><strong>haec</strong></span> <span class='ocrx_word' id='word_1_156' title='bbox 2219 1464 2428 1541; x_wconf 87' lang='lat' dir='ltr'><strong>legalis</strong></span> <span class='ocrx_word' id='word_1_157' title='bbox 2476 1463 2549 1523; x_wconf 90' lang='lat' dir='ltr'><strong>ad</strong></span> <span class='ocrx_word' id='word_1_158' title='bbox 2599 1466 2892 1523; x_wconf 87' lang='lat' dir='ltr'><strong>hominem</strong></span> 
     </span>
     <span class='ocr_line' id='line_1_15' title="bbox 481 1543 2892 1621; baseline 0 -19"><span class='ocrx_word' id='word_1_159' title='bbox 481 1551 707 1602; x_wconf 81' lang='lat' dir='ltr'><strong>tantum</strong></span> <span class='ocrx_word' id='word_1_160' title='bbox 756 1552 1011 1602; x_wconf 85' lang='lat' dir='ltr'><strong>veterem</strong></span> <span class='ocrx_word' id='word_1_161' title='bbox 1056 1543 1534 1620; x_wconf 87' lang='lat' dir='ltr'><strong>compescendum</strong></span> <span class='ocrx_word' id='word_1_162' title='bbox 1576 1544 1841 1621; x_wconf 84' lang='lat' dir='ltr'><strong>pertinet,</strong></span> <span class='ocrx_word' id='word_1_163' title='bbox 1889 1544 2084 1603; x_wconf 79' lang='lat' dir='ltr'><strong>statim</strong></span> <span class='ocrx_word' id='word_1_164' title='bbox 2133 1552 2305 1619; x_wconf 90' lang='lat' dir='ltr'><strong>atque</strong></span> <span class='ocrx_word' id='word_1_165' title='bbox 2355 1544 2482 1601; x_wconf 85' lang='lat' dir='ltr'><strong>Lex</strong></span> <span class='ocrx_word' id='word_1_166' title='bbox 2531 1544 2892 1621; x_wconf 86' lang='lat' dir='ltr'><strong>Evangelica</strong></span> 
     </span>
     <span class='ocr_line' id='line_1_16' title="bbox 482 1622 2884 1700; baseline 0.001 -19"><span class='ocrx_word' id='word_1_167' title='bbox 482 1622 756 1681; x_wconf 87' lang='lat' dir='ltr'><strong>discussit</strong></span> <span class='ocrx_word' id='word_1_168' title='bbox 784 1623 1051 1681; x_wconf 79' lang='lat' dir='ltr'><strong>tenebras</strong></span> <span class='ocrx_word' id='word_1_169' title='bbox 1098 1623 1257 1695; x_wconf 89' lang='lat' dir='ltr'><strong>istas,</strong></span> <span class='ocrx_word' id='word_1_170' title='bbox 1306 1631 1365 1681; x_wconf 87' lang='lat' dir='ltr'><strong>et</strong></span> <span class='ocrx_word' id='word_1_171' title='bbox 1408 1623 1581 1681; x_wconf 91' lang='lat' dir='ltr'><strong>homo</strong></span> <span class='ocrx_word' id='word_1_172' title='bbox 1626 1623 1912 1681; x_wconf 79' lang='lat' dir='ltr'><strong>eluctatus</strong></span> <span class='ocrx_word' id='word_1_173' title='bbox 1957 1632 2045 1681; x_wconf 89' lang='lat' dir='ltr'><strong>est</strong></span> <span class='ocrx_word' id='word_1_174' title='bbox 2089 1643 2162 1680; x_wconf 87' lang='lat' dir='ltr'><strong>ex</strong></span> <span class='ocrx_word' id='word_1_175' title='bbox 2207 1622 2376 1697; x_wconf 89' lang='lat' dir='ltr'><strong>gravi</strong></span> <span class='ocrx_word' id='word_1_176' title='bbox 2414 1622 2516 1679; x_wconf 86' lang='lat' dir='ltr'><strong>illa</strong></span> <span class='ocrx_word' id='word_1_177' title='bbox 2546 1625 2884 1700; x_wconf 81' lang='lat' dir='ltr'><strong>tentatione,</strong></span> 
     </span>
     <span class='ocr_line' id='line_1_17' title="bbox 477 1699 2888 1777; baseline 0 -17"><span class='ocrx_word' id='word_1_178' title='bbox 477 1709 615 1760; x_wconf 89' lang='lat' dir='ltr'><strong>tunc</strong></span> <span class='ocrx_word' id='word_1_179' title='bbox 645 1702 877 1759; x_wconf 91' lang='lat' dir='ltr'><strong>demum</strong></span> <span class='ocrx_word' id='word_1_180' title='bbox 905 1699 1169 1777; x_wconf 90' lang='lat' dir='ltr'><strong>agnoscit</strong></span> <span class='ocrx_word' id='word_1_181' title='bbox 1190 1702 1671 1777; x_wconf 84' lang='lat' dir='ltr'><strong>sapientissimam</strong></span> <span class='ocrx_word' id='word_1_182' title='bbox 1699 1702 1848 1758; x_wconf 86' lang='lat' dir='ltr'><strong>hanc</strong></span> <span class='ocrx_word' id='word_1_183' title='bbox 1872 1701 1983 1758; x_wconf 89' lang='lat' dir='ltr'><strong>Dei</strong></span> <span class='ocrx_word' id='word_1_184' title='bbox 2011 1701 2385 1759; x_wconf 87' lang='lat' dir='ltr'><strong>oeconomiam</strong></span> <span class='ocrx_word' id='word_1_185' title='bbox 2415 1700 2609 1773; x_wconf 88' lang='lat' dir='ltr'><strong>fuisse,</strong></span> <span class='ocrx_word' id='word_1_186' title='bbox 2641 1703 2740 1777; x_wconf 90' lang='lat' dir='ltr'><strong>qui</strong></span> <span class='ocrx_word' id='word_1_187' title='bbox 2769 1722 2888 1761; x_wconf 89' lang='lat' dir='ltr'><strong>non</strong></span> 
     </span>
     <span class='ocr_line' id='line_1_18' title="bbox 478 1778 2881 1857; baseline 0 -19"><span class='ocrx_word' id='word_1_188' title='bbox 478 1800 555 1839; x_wconf 87' lang='lat' dir='ltr'><strong>ex</strong></span> <span class='ocrx_word' id='word_1_189' title='bbox 583 1780 715 1838; x_wconf 91' lang='lat' dir='ltr'><strong>odio</strong></span> <span class='ocrx_word' id='word_1_190' title='bbox 745 1780 849 1838; x_wconf 88' lang='lat' dir='ltr'><strong>sed</strong></span> <span class='ocrx_word' id='word_1_191' title='bbox 876 1800 952 1837; x_wconf 85' lang='lat' dir='ltr'><strong>ex</strong></span> <span class='ocrx_word' id='word_1_192' title='bbox 978 1798 1173 1838; x_wconf 88' lang='lat' dir='ltr'><strong>amore</strong></span> <span class='ocrx_word' id='word_1_193' title='bbox 1200 1780 1685 1857; x_wconf 84' lang='lat' dir='ltr'><strong>proficiscebatur,</strong></span> <span class='ocrx_word' id='word_1_194' title='bbox 1715 1798 1824 1837; x_wconf 90' lang='lat' dir='ltr'><strong>nec</strong></span> <span class='ocrx_word' id='word_1_195' title='bbox 1844 1779 1919 1837; x_wconf 86' lang='lat' dir='ltr'><strong>ad</strong></span> <span class='ocrx_word' id='word_1_196' title='bbox 1941 1779 2389 1839; x_wconf 82' lang='lat' dir='ltr'><strong>destructionem</strong></span> <span class='ocrx_word' id='word_1_197' title='bbox 2417 1778 2521 1837; x_wconf 90' lang='lat' dir='ltr'><strong>sed</strong></span> <span class='ocrx_word' id='word_1_198' title='bbox 2541 1780 2618 1836; x_wconf 89' lang='lat' dir='ltr'><strong>ad</strong></span> <span class='ocrx_word' id='word_1_199' title='bbox 2635 1780 2881 1839; x_wconf 66' lang='lat' dir='ltr'><strong>salutem</strong></span> 
     </span>
     <span class='ocr_line' id='line_1_19' title="bbox 480 1858 772 1918; baseline -0.003 0"><span class='ocrx_word' id='word_1_200' title='bbox 480 1858 772 1918; x_wconf 86' lang='lat' dir='ltr'><strong>tendebat.</strong></span> 
     </span>
    </p>

    <p class='ocr_par' dir='ltr' id='par_1_3' title="bbox 460 1936 2939 4736">
     <span class='ocr_line' id='line_1_20' title="bbox 558 1936 2884 2017; baseline 0.001 -20"><span class='ocrx_word' id='word_1_201' title='bbox 558 1938 749 2000; x_wconf 85' lang='lat' dir='ltr'>XIX.</span> <span class='ocrx_word' id='word_1_202' title='bbox 793 1937 1071 2012; x_wconf 87' lang='lat' dir='ltr'><strong>Quamvis</strong></span> <span class='ocrx_word' id='word_1_203' title='bbox 1099 1947 1291 1997; x_wconf 86' lang='lat' dir='ltr'><strong>autem</strong></span> <span class='ocrx_word' id='word_1_204' title='bbox 1318 1938 1479 1997; x_wconf 89' lang='lat' dir='ltr'><strong>hisce</strong></span> <span class='ocrx_word' id='word_1_205' title='bbox 1506 1947 1565 1998; x_wconf 88' lang='lat' dir='ltr'><strong>et</strong></span> <span class='ocrx_word' id='word_1_206' title='bbox 1593 1936 1881 1997; x_wconf 88' lang='lat' dir='ltr'><strong>similibus</strong></span> <span class='ocrx_word' id='word_1_207' title='bbox 1909 1937 1981 1998; x_wconf 88' lang='lat' dir='ltr'><strong>de</strong></span> <span class='ocrx_word' id='word_1_208' title='bbox 2010 1938 2216 2009; x_wconf 48' lang='lat' dir='ltr'><strong>causi&amp;</strong></span> <span class='ocrx_word' id='word_1_209' title='bbox 2255 1958 2442 2017; x_wconf 73' lang='lat' dir='ltr'><strong>poenae</strong></span> <span class='ocrx_word' id='word_1_210' title='bbox 2468 1958 2681 1998; x_wconf 88' lang='lat' dir='ltr'><strong>nomen</strong></span> <span class='ocrx_word' id='word_1_211' title='bbox 2708 1938 2884 1999; x_wconf 87' lang='lat' dir='ltr'><strong>afflic-</strong></span> 
     </span>
     <span class='ocr_line' id='line_1_21' title="bbox 475 2018 2887 2098; baseline 0 -19"><span class='ocrx_word' id='word_1_212' title='bbox 475 2018 731 2079; x_wconf 87' lang='lat' dir='ltr'><strong>tionibus</strong></span> <span class='ocrx_word' id='word_1_213' title='bbox 775 2018 999 2097; x_wconf 88' lang='lat' dir='ltr'><strong>piorum</strong></span> <span class='ocrx_word' id='word_1_214' title='bbox 1043 2019 1352 2098; x_wconf 86' lang='lat' dir='ltr'><strong>improprie</strong></span> <span class='ocrx_word' id='word_1_215' title='bbox 1396 2027 1457 2079; x_wconf 88' lang='lat' dir='ltr'><strong>et</strong></span> <span class='ocrx_word' id='word_1_216' title='bbox 1500 2018 1799 2096; x_wconf 86' lang='lat' dir='ltr'><strong>analogice</strong></span> <span class='ocrx_word' id='word_1_217' title='bbox 1845 2019 2026 2097; x_wconf 86' lang='lat' dir='ltr'><strong>possit</strong></span> <span class='ocrx_word' id='word_1_218' title='bbox 2053 2018 2266 2096; x_wconf 84' lang='lat' dir='ltr'><strong>tribui;</strong></span> <span class='ocrx_word' id='word_1_219' title='bbox 2313 2019 2546 2079; x_wconf 79' lang='lat' dir='ltr'><strong>Certum</strong></span> <span class='ocrx_word' id='word_1_220' title='bbox 2575 2028 2666 2079; x_wconf 89' lang='lat' dir='ltr'><strong>est</strong></span> <span class='ocrx_word' id='word_1_221' title='bbox 2690 2029 2887 2079; x_wconf 87' lang='lat' dir='ltr'><strong>tamen</strong></span> 
     </span>
     <span class='ocr_line' id='line_1_22' title="bbox 475 2098 2885 2179; baseline 0.001 -21"><span class='ocrx_word' id='word_1_222' title='bbox 475 2099 650 2179; x_wconf 87' lang='lat' dir='ltr'><strong>longe</strong></span> <span class='ocrx_word' id='word_1_223' title='bbox 680 2098 907 2159; x_wconf 88' lang='lat' dir='ltr'><strong>differre</strong></span> <span class='ocrx_word' id='word_1_224' title='bbox 936 2120 971 2158; x_wconf 89' lang='lat' dir='ltr'><strong>a</strong></span> <span class='ocrx_word' id='word_1_225' title='bbox 999 2100 1183 2178; x_wconf 87' lang='lat' dir='ltr'><strong>poenis</strong></span> <span class='ocrx_word' id='word_1_226' title='bbox 1212 2100 1535 2179; x_wconf 86' lang='lat' dir='ltr'><strong>impiorum,</strong></span> <span class='ocrx_word' id='word_1_227' title='bbox 1567 2100 1690 2159; x_wconf 87' lang='lat' dir='ltr'><strong>sive</strong></span> <span class='ocrx_word' id='word_1_228' title='bbox 1717 2100 2076 2178; x_wconf 78' lang='lat' dir='ltr'><strong>principium,</strong></span> <span class='ocrx_word' id='word_1_229' title='bbox 2117 2099 2241 2159; x_wconf 86' lang='lat' dir='ltr'><strong>sive</strong></span> <span class='ocrx_word' id='word_1_230' title='bbox 2269 2103 2511 2175; x_wconf 82' lang='lat' dir='ltr'><strong>modum,</strong></span> <span class='ocrx_word' id='word_1_231' title='bbox 2557 2100 2682 2159; x_wconf 84' lang='lat' dir='ltr'><strong>sive</strong></span> <span class='ocrx_word' id='word_1_232' title='bbox 2707 2102 2885 2179; x_wconf 79' lang='lat' dir='ltr'><strong>finem</strong></span> 
     </span>
     <span class='ocr_line' id='line_1_23' title="bbox 478 2180 2884 2261; baseline 0 -22"><span class='ocrx_word' id='word_1_233' title='bbox 478 2181 770 2260; x_wconf 87' lang='lat' dir='ltr'><strong>respicias.</strong></span> <span class='ocrx_word' id='word_1_234' title='bbox 802 2181 953 2241; x_wconf 85' lang='lat' dir='ltr'><strong>Nam</strong></span> <span class='ocrx_word' id='word_1_235' title='bbox 975 2183 1026 2241; x_wconf 92' lang='lat'><strong>1.</strong></span> <span class='ocrx_word' id='word_1_236' title='bbox 1059 2181 1264 2256; x_wconf 87' lang='lat' dir='ltr'><strong>Quoad</strong></span> <span class='ocrx_word' id='word_1_237' title='bbox 1273 2182 1619 2261; x_wconf 54' lang='lat' dir='ltr'><strong>principium</strong></span> <span class='ocrx_word' id='word_1_238' title='bbox 1639 2204 1663 2253; x_wconf 87' lang='lat'><strong>,·</strong></span> <span class='ocrx_word' id='word_1_239' title='bbox 1694 2180 1891 2239; x_wconf 83' lang='lat' dir='ltr'><strong>Poenae</strong></span> <span class='ocrx_word' id='word_1_240' title='bbox 1913 2180 2218 2259; x_wconf 87' lang='lat' dir='ltr'><strong>impiorum</strong></span> <span class='ocrx_word' id='word_1_241' title='bbox 2236 2200 2312 2239; x_wconf 86' lang='lat' dir='ltr'><strong>ex</strong></span> <span class='ocrx_word' id='word_1_242' title='bbox 2328 2182 2415 2240; x_wconf 88' lang='lat' dir='ltr'><strong>ira</strong></span> <span class='ocrx_word' id='word_1_243' title='bbox 2429 2181 2474 2243; x_wconf 83' lang='lat' dir='ltr'>J</span> <span class='ocrx_word' id='word_1_244' title='bbox 2477 2180 2663 2240; x_wconf 86' lang='lat' dir='ltr'><strong>udicis</strong></span> <span class='ocrx_word' id='word_1_245' title='bbox 2673 2182 2884 2240; x_wconf 89' lang='lat' dir='ltr'><strong>immit-</strong></span> 
     </span>
     <span class='ocr_line' id='line_1_24' title="bbox 476 2259 2882 2339; baseline -0 -18"><span class='ocrx_word' id='word_1_246' title='bbox 476 2270 678 2322; x_wconf 88' lang='lat' dir='ltr'><strong>tuntur</strong></span> <span class='ocrx_word' id='word_1_247' title='bbox 702 2286 715 2323; x_wconf 92' lang='lat'>:</span> <span class='ocrx_word' id='word_1_248' title='bbox 761 2262 935 2321; x_wconf 87' lang='lat' dir='ltr'><strong>Unde</strong></span> <span class='ocrx_word' id='word_1_249' title='bbox 962 2262 1133 2321; x_wconf 86' lang='lat' dir='ltr'><strong>toties</strong></span> <span class='ocrx_word' id='word_1_250' title='bbox 1164 2262 1359 2320; x_wconf 89' lang='lat' dir='ltr'><strong>David</strong></span> <span class='ocrx_word' id='word_1_251' title='bbox 1388 2272 1529 2337; x_wconf 90' lang='lat' dir='ltr'><strong>orat,</strong></span> <span class='ocrx_word' id='word_1_252' title='bbox 1564 2264 1600 2294; x_wconf 79' lang='lat'><strong>‘⁴</strong></span> <span class='ocrx_word' id='word_1_253' title='bbox 1620 2262 1870 2321; x_wconf 86' lang='lat' dir='ltr'><strong>Domine</strong></span> <span class='ocrx_word' id='word_1_254' title='bbox 1899 2282 1971 2320; x_wconf 92' lang='lat' dir='ltr'><strong>ne</strong></span> <span class='ocrx_word' id='word_1_255' title='bbox 1994 2262 2054 2319; x_wconf 92' lang='lat' dir='ltr'><strong>in</strong></span> <span class='ocrx_word' id='word_1_256' title='bbox 2072 2259 2260 2319; x_wconf 86' lang='lat' dir='ltr'><strong>furore</strong></span> <span class='ocrx_word' id='word_1_257' title='bbox 2290 2271 2390 2321; x_wconf 91' lang='lat' dir='ltr'><strong>tuo</strong></span> <span class='ocrx_word' id='word_1_258' title='bbox 2408 2281 2619 2339; x_wconf 87' lang='lat' dir='ltr'><strong>arguas</strong></span> <span class='ocrx_word' id='word_1_259' title='bbox 2637 2282 2744 2337; x_wconf 89' lang='lat' dir='ltr'><strong>me,</strong></span> <span class='ocrx_word' id='word_1_260' title='bbox 2775 2281 2882 2320; x_wconf 89' lang='lat' dir='ltr'><strong>nec</strong></span> 
     </span>
     <span class='ocr_line' id='line_1_25' title="bbox 474 2341 2939 2417; baseline 0 -18"><span class='ocrx_word' id='word_1_261' title='bbox 474 2341 537 2399; x_wconf 88' lang='lat' dir='ltr'><strong>in</strong></span> <span class='ocrx_word' id='word_1_262' title='bbox 564 2343 650 2401; x_wconf 89' lang='lat' dir='ltr'><strong>ira</strong></span> <span class='ocrx_word' id='word_1_263' title='bbox 676 2351 778 2401; x_wconf 87' lang='lat' dir='ltr'><strong>tua</strong></span> <span class='ocrx_word' id='word_1_264' title='bbox 805 2342 1079 2417; x_wconf 85' lang='lat' dir='ltr'><strong>corripias</strong></span> <span class='ocrx_word' id='word_1_265' title='bbox 1106 2342 1259 2415; x_wconf 87' lang='lat' dir='ltr'><strong>me,”</strong></span> <span class='ocrx_word' id='word_1_266' title='bbox 1292 2341 1446 2400; x_wconf 88' lang='lat' dir='ltr'><strong>Psal.</strong></span> <span class='ocrx_word' id='word_1_267' title='bbox 1479 2342 1556 2399; x_wconf 82' lang='lat' dir='ltr'><strong>vi.</strong></span> <span class='ocrx_word' id='word_1_268' title='bbox 1593 2343 1644 2414; x_wconf 87' lang='lat'><strong>1,</strong></span> <span class='ocrx_word' id='word_1_269' title='bbox 1694 2350 1753 2399; x_wconf 90' lang='lat' dir='ltr'><strong>et</strong></span> <span class='ocrx_word' id='word_1_270' title='bbox 1779 2341 2030 2399; x_wconf 82' lang='lat' dir='ltr'><strong>xxxviii.</strong></span> <span class='ocrx_word' id='word_1_271' title='bbox 2083 2344 2134 2398; x_wconf 88' lang='lat'><strong>1.</strong></span> <span class='ocrx_word' id='word_1_272' title='bbox 2194 2341 2280 2398; x_wconf 89' lang='lat' dir='ltr'><strong>At</strong></span> <span class='ocrx_word' id='word_1_273' title='bbox 2307 2361 2494 2417; x_wconf 79' lang='lat' dir='ltr'><strong>poenae</strong></span> <span class='ocrx_word' id='word_1_274' title='bbox 2521 2341 2778 2401; x_wconf 89' lang='lat' dir='ltr'><strong>fidelium</strong></span> <span class='ocrx_word' id='word_1_275' title='bbox 2805 2341 2879 2400; x_wconf 86' lang='lat' dir='ltr'><strong>ab</strong></span> <span class='ocrx_word' id='word_1_276' title='bbox 2930 2350 2939 2359; x_wconf 89' lang='lat'><strong><em>‘</em></strong></span> 
     </span>
     <span class='ocr_line' id='line_1_26' title="bbox 474 2418 2878 2499; baseline 0.001 -22"><span class='ocrx_word' id='word_1_277' title='bbox 474 2440 669 2479; x_wconf 90' lang='lat' dir='ltr'><strong>amore</strong></span> <span class='ocrx_word' id='word_1_278' title='bbox 698 2421 905 2491; x_wconf 90' lang='lat' dir='ltr'><strong>Patris,</strong></span> <span class='ocrx_word' id='word_1_279' title='bbox 937 2420 1073 2495; x_wconf 89' lang='lat' dir='ltr'><strong>quia</strong></span> <span class='ocrx_word' id='word_1_280' title='bbox 1098 2421 1323 2494; x_wconf 88' lang='lat' dir='ltr'><strong>“quem</strong></span> <span class='ocrx_word' id='word_1_281' title='bbox 1350 2428 1506 2476; x_wconf 87' lang='lat' dir='ltr'><strong>amat</strong></span> <span class='ocrx_word' id='word_1_282' title='bbox 1538 2420 1696 2476; x_wconf 89' lang='lat' dir='ltr'><strong>Deus</strong></span> <span class='ocrx_word' id='word_1_283' title='bbox 1726 2420 2031 2495; x_wconf 86' lang='lat' dir='ltr'><strong>castigat‚”</strong></span> <span class='ocrx_word' id='word_1_284' title='bbox 2063 2418 2216 2477; x_wconf 85' lang='lat' dir='ltr'><strong>Heb.</strong></span> <span class='ocrx_word' id='word_1_285' title='bbox 2248 2420 2349 2477; x_wconf 83' lang='lat' dir='ltr'><strong>xii.</strong></span> <span class='ocrx_word' id='word_1_286' title='bbox 2381 2423 2436 2494; x_wconf 85' lang='lat'><strong>6,</strong></span> <span class='ocrx_word' id='word_1_287' title='bbox 2470 2420 2658 2499; x_wconf 85' lang='lat' dir='ltr'><strong>Apoc.</strong></span> <span class='ocrx_word' id='word_1_288' title='bbox 2681 2422 2760 2479; x_wconf 88' lang='lat' dir='ltr'><strong>iii.</strong></span> <span class='ocrx_word' id='word_1_289' title='bbox 2785 2423 2878 2480; x_wconf 82' lang='lat'><strong>19.</strong></span> 
     </span>
     <span class='ocr_line' id='line_1_27' title="bbox 474 2496 2880 2577; baseline 0.001 -20"><span class='ocrx_word' id='word_1_290' title='bbox 474 2502 530 2557; x_wconf 83' lang='lat'><strong>2.</strong></span> <span class='ocrx_word' id='word_1_291' title='bbox 565 2498 770 2572; x_wconf 88' lang='lat' dir='ltr'><strong>Quoad</strong></span> <span class='ocrx_word' id='word_1_292' title='bbox 796 2500 1037 2571; x_wconf 85' lang='lat' dir='ltr'><strong>modum,</strong></span> <span class='ocrx_word' id='word_1_293' title='bbox 1069 2496 1185 2553; x_wconf 78' lang='lat' dir='ltr'><strong>illae</strong></span> <span class='ocrx_word' id='word_1_294' title='bbox 1215 2516 1345 2555; x_wconf 91' lang='lat' dir='ltr'><strong>cum</strong></span> <span class='ocrx_word' id='word_1_295' title='bbox 1373 2497 1459 2555; x_wconf 91' lang='lat' dir='ltr'><strong>ira</strong></span> <span class='ocrx_word' id='word_1_296' title='bbox 1490 2496 1600 2553; x_wconf 91' lang='lat' dir='ltr'><strong>Dei</strong></span> <span class='ocrx_word' id='word_1_297' title='bbox 1618 2504 1677 2553; x_wconf 91' lang='lat' dir='ltr'><strong>et</strong></span> <span class='ocrx_word' id='word_1_298' title='bbox 1695 2496 2096 2555; x_wconf 85' lang='lat' dir='ltr'><strong>maledictione</strong></span> <span class='ocrx_word' id='word_1_299' title='bbox 2115 2498 2455 2574; x_wconf 75' lang='lat' dir='ltr'><strong>conjunctae,</strong></span> <span class='ocrx_word' id='word_1_300' title='bbox 2476 2500 2638 2557; x_wconf 89' lang='lat' dir='ltr'><strong>nulla</strong></span> <span class='ocrx_word' id='word_1_301' title='bbox 2664 2509 2880 2577; x_wconf 88' lang='lat' dir='ltr'><strong>tempe·</strong></span> 
     </span>
     <span class='ocr_line' id='line_1_28' title="bbox 473 2574 2882 2655; baseline 0.001 -20"><span class='ocrx_word' id='word_1_302' title='bbox 473 2587 673 2635; x_wconf 89' lang='lat' dir='ltr'><strong>rantur</strong></span> <span class='ocrx_word' id='word_1_303' title='bbox 700 2576 903 2653; x_wconf 83' lang='lat' dir='ltr'><strong>gratia,</strong></span> <span class='ocrx_word' id='word_1_304' title='bbox 930 2584 987 2633; x_wconf 91' lang='lat' dir='ltr'><strong>et</strong></span> <span class='ocrx_word' id='word_1_305' title='bbox 1014 2582 1200 2633; x_wconf 87' lang='lat' dir='ltr'><strong>totum</strong></span> <span class='ocrx_word' id='word_1_306' title='bbox 1233 2575 1341 2633; x_wconf 89' lang='lat' dir='ltr'><strong>Dei</strong></span> <span class='ocrx_word' id='word_1_307' title='bbox 1370 2575 1619 2633; x_wconf 90' lang='lat' dir='ltr'><strong>furorem</strong></span> <span class='ocrx_word' id='word_1_308' title='bbox 1643 2575 1703 2631; x_wconf 88' lang='lat' dir='ltr'><strong>in</strong></span> <span class='ocrx_word' id='word_1_309' title='bbox 1723 2574 1933 2650; x_wconf 90' lang='lat' dir='ltr'><strong>impios</strong></span> <span class='ocrx_word' id='word_1_310' title='bbox 1961 2574 2299 2650; x_wconf 86' lang='lat' dir='ltr'><strong>effundunt;</strong></span> <span class='ocrx_word' id='word_1_311' title='bbox 2343 2575 2472 2634; x_wconf 78' lang='lat' dir='ltr'><strong>istae</strong></span> <span class='ocrx_word' id='word_1_312' title='bbox 2499 2585 2566 2635; x_wconf 85' lang='lat' dir='ltr'><strong>ut</strong></span> <span class='ocrx_word' id='word_1_313' title='bbox 2586 2598 2621 2635; x_wconf 88' lang='lat' dir='ltr'><strong>a</strong></span> <span class='ocrx_word' id='word_1_314' title='bbox 2640 2588 2882 2655; x_wconf 88' lang='lat' dir='ltr'><strong>paterno</strong></span> 
     </span>
     <span class='ocr_line' id='line_1_29' title="bbox 470 2654 2877 2734; baseline 0 -19"><span class='ocrx_word' id='word_1_315' title='bbox 470 2656 682 2716; x_wconf 84' lang='lat' dir='ltr'><strong>affectu</strong></span> <span class='ocrx_word' id='word_1_316' title='bbox 709 2656 1148 2734; x_wconf 86' lang='lat' dir='ltr'><strong>proficiscuntur</strong></span> <span class='ocrx_word' id='word_1_317' title='bbox 1174 2655 1335 2714; x_wconf 87' lang='lat' dir='ltr'><strong>leves</strong></span> <span class='ocrx_word' id='word_1_318' title='bbox 1364 2664 1500 2714; x_wconf 91' lang='lat' dir='ltr'><strong>sunt</strong></span> <span class='ocrx_word' id='word_1_319' title='bbox 1528 2663 1585 2713; x_wconf 92' lang='lat' dir='ltr'><strong>et</strong></span> <span class='ocrx_word' id='word_1_320' title='bbox 1612 2654 1941 2731; x_wconf 74' lang='lat' dir='ltr'><strong>moderatae,</strong></span> <span class='ocrx_word' id='word_1_321' title='bbox 1972 2675 2101 2732; x_wconf 83' lang='lat' dir='ltr'><strong>quae</strong></span> <span class='ocrx_word' id='word_1_322' title='bbox 2129 2673 2413 2731; x_wconf 83' lang='lat' dir='ltr'><strong>nusquam</strong></span> <span class='ocrx_word' id='word_1_323' title='bbox 2443 2664 2640 2715; x_wconf 84' lang='lat' dir='ltr'><strong>carent</strong></span> <span class='ocrx_word' id='word_1_324' title='bbox 2656 2658 2877 2716; x_wconf 84' lang='lat' dir='ltr'><strong>miseri-</strong></span> 
     </span>
     <span class='ocr_line' id='line_1_30' title="bbox 469 2733 2875 2814; baseline 0 -19"><span class='ocrx_word' id='word_1_325' title='bbox 469 2737 682 2796; x_wconf 69' lang='lat' dir='ltr'><strong>cordiae</strong></span> <span class='ocrx_word' id='word_1_326' title='bbox 710 2745 1194 2814; x_wconf 89' lang='lat' dir='ltr'><strong>temperamento;</strong></span> <span class='ocrx_word' id='word_1_327' title='bbox 1242 2734 1414 2795; x_wconf 90' lang='lat' dir='ltr'><strong>Unde</strong></span> <span class='ocrx_word' id='word_1_328' title='bbox 1460 2734 1710 2813; x_wconf 80' lang='lat' dir='ltr'><strong>“virgis</strong></span> <span class='ocrx_word' id='word_1_329' title='bbox 1735 2734 2036 2794; x_wconf 87' lang='lat' dir='ltr'><strong>humanis”</strong></span> <span class='ocrx_word' id='word_1_330' title='bbox 2079 2733 2466 2810; x_wconf 85' lang='lat' dir='ltr'><strong>conferuntur,</strong></span> <span class='ocrx_word' id='word_1_331' title='bbox 2518 2740 2554 2794; x_wconf 81' lang='lat'>2</span> <span class='ocrx_word' id='word_1_332' title='bbox 2589 2736 2743 2796; x_wconf 85' lang='lat' dir='ltr'><strong>Sam.</strong></span> <span class='ocrx_word' id='word_1_333' title='bbox 2773 2737 2875 2795; x_wconf 85' lang='lat' dir='ltr'><strong>vii.</strong></span> 
     </span>
     <span class='ocr_line' id='line_1_31' title="bbox 473 2816 2874 2896; baseline 0 -21"><span class='ocrx_word' id='word_1_334' title='bbox 473 2818 565 2893; x_wconf 72' lang='grc'><strong>14,</strong></span> <span class='ocrx_word' id='word_1_335' title='bbox 599 2838 727 2896; x_wconf 76' lang='lat' dir='ltr'><strong>quae</strong></span> <span class='ocrx_word' id='word_1_336' title='bbox 756 2818 838 2877; x_wconf 89' lang='lat' dir='ltr'><strong>ita</strong></span> <span class='ocrx_word' id='word_1_337' title='bbox 874 2824 1327 2894; x_wconf 87' lang='lat' dir='ltr'><strong>attemperantur</strong></span> <span class='ocrx_word' id='word_1_338' title='bbox 1356 2816 1674 2875; x_wconf 85' lang='lat' dir='ltr'><strong>infirmitati</strong></span> <span class='ocrx_word' id='word_1_339' title='bbox 1703 2824 1932 2891; x_wconf 82' lang='lat' dir='ltr'><strong>nostrae‚</strong></span> <span class='ocrx_word' id='word_1_340' title='bbox 1966 2822 2028 2874; x_wconf 88' lang='lat' dir='ltr'><strong>ut</strong></span> <span class='ocrx_word' id='word_1_341' title='bbox 2058 2816 2217 2874; x_wconf 89' lang='lat' dir='ltr'><strong>Deus</strong></span> <span class='ocrx_word' id='word_1_342' title='bbox 2245 2823 2548 2893; x_wconf 88' lang='lat' dir='ltr'><strong>propterea</strong></span> <span class='ocrx_word' id='word_1_343' title='bbox 2573 2836 2690 2875; x_wconf 90' lang='lat' dir='ltr'><strong>non</strong></span> <span class='ocrx_word' id='word_1_344' title='bbox 2717 2816 2874 2877; x_wconf 79' lang='lat' dir='ltr'><strong>aufe-</strong></span> 
     </span>
     <span class='ocr_line' id='line_1_32' title="bbox 469 2895 2878 2977; baseline 0 -21"><span class='ocrx_word' id='word_1_345' title='bbox 469 2906 560 2957; x_wconf 88' lang='lat' dir='ltr'><strong>rat</strong></span> <span class='ocrx_word' id='word_1_346' title='bbox 586 2898 1005 2977; x_wconf 87' lang='lat' dir='ltr'><strong>benignitatem</strong></span> <span class='ocrx_word' id='word_1_347' title='bbox 1036 2917 1197 2957; x_wconf 87' lang='lat' dir='ltr'><strong>suam</strong></span> <span class='ocrx_word' id='word_1_348' title='bbox 1222 2920 1236 2973; x_wconf 84' lang='lat'><em>3</em></span> <span class='ocrx_word' id='word_1_349' title='bbox 1280 2896 1416 2956; x_wconf 90' lang='lat' dir='ltr'><strong>hinc</strong></span> <span class='ocrx_word' id='word_1_350' title='bbox 1457 2898 1630 2957; x_wconf 91' lang='lat' dir='ltr'><strong>toties</strong></span> <span class='ocrx_word' id='word_1_351' title='bbox 1659 2896 1790 2957; x_wconf 92' lang='lat' dir='ltr'><strong>Viri</strong></span> <span class='ocrx_word' id='word_1_352' title='bbox 1819 2896 1931 2955; x_wconf 88' lang='lat' dir='ltr'><strong>Dei</strong></span> <span class='ocrx_word' id='word_1_353' title='bbox 1965 2896 2064 2973; x_wconf 89' lang='lat' dir='ltr'><strong>qui</strong></span> <span class='ocrx_word' id='word_1_354' title='bbox 2092 2895 2472 2973; x_wconf 86' lang='lat' dir='ltr'><strong>deprecantur</strong></span> <span class='ocrx_word' id='word_1_355' title='bbox 2499 2896 2717 2974; x_wconf 88' lang='lat' dir='ltr'><strong>priores</strong></span> <span class='ocrx_word' id='word_1_356' title='bbox 2745 2898 2878 2957; x_wconf 87' lang='lat' dir='ltr'><strong>illas</strong></span> 
     </span>
     <span class='ocr_line' id='line_1_33' title="bbox 469 2976 2876 3057; baseline 0 -20"><span class='ocrx_word' id='word_1_357' title='bbox 469 2999 688 3056; x_wconf 88' lang='lat' dir='ltr'><strong>poenas,</strong></span> <span class='ocrx_word' id='word_1_358' title='bbox 742 2998 803 3039; x_wconf 87' lang='lat' dir='ltr'><strong>se</strong></span> <span class='ocrx_word' id='word_1_359' title='bbox 848 2987 1015 3057; x_wconf 88' lang='lat' dir='ltr'><strong>grato</strong></span> <span class='ocrx_word' id='word_1_360' title='bbox 1060 2978 1252 3037; x_wconf 89' lang='lat' dir='ltr'><strong>animo</strong></span> <span class='ocrx_word' id='word_1_361' title='bbox 1297 2985 1357 3037; x_wconf 84' lang='lat' dir='ltr'><strong>et</strong></span> <span class='ocrx_word' id='word_1_362' title='bbox 1398 2977 1648 3037; x_wconf 84' lang='lat' dir='ltr'><strong>libenter</strong></span> <span class='ocrx_word' id='word_1_363' title='bbox 1691 2976 1820 3037; x_wconf 87' lang='lat' dir='ltr'><strong>istis</strong></span> <span class='ocrx_word' id='word_1_364' title='bbox 1863 2976 2247 3037; x_wconf 86' lang='lat' dir='ltr'><strong>submittunt:</strong></span> <span class='ocrx_word' id='word_1_365' title='bbox 2294 2978 2330 3008; x_wconf 86' lang='lat'><strong>“</strong></span> <span class='ocrx_word' id='word_1_366' title='bbox 2353 2976 2592 3055; x_wconf 86' lang='lat' dir='ltr'><strong>Castiga</strong></span> <span class='ocrx_word' id='word_1_367' title='bbox 2633 2998 2724 3037; x_wconf 89' lang='lat' dir='ltr'><strong>me</strong></span> <span class='ocrx_word' id='word_1_368' title='bbox 2755 2976 2876 3037; x_wconf 90' lang='lat' dir='ltr'><strong>Do-</strong></span> 
     </span>
     <span class='ocr_line' id='line_1_34' title="bbox 469 3056 2874 3137; baseline -0.001 -20"><span class='ocrx_word' id='word_1_369' title='bbox 469 3059 676 3136; x_wconf 88' lang='lat' dir='ltr'><strong>mine‚”</strong></span> <span class='ocrx_word' id='word_1_370' title='bbox 720 3058 909 3137; x_wconf 90' lang='lat' dir='ltr'><strong>inquit</strong></span> <span class='ocrx_word' id='word_1_371' title='bbox 937 3060 981 3117; x_wconf 92' lang='lat' dir='ltr'><strong>J</strong></span> <span class='ocrx_word' id='word_1_372' title='bbox 984 3078 1061 3117; x_wconf 89' lang='lat' dir='ltr'><strong>er.</strong></span> <span class='ocrx_word' id='word_1_373' title='bbox 1090 3080 1151 3118; x_wconf 84' lang='lat' dir='ltr'><strong>x.</strong></span> <span class='ocrx_word' id='word_1_374' title='bbox 1183 3062 1277 3133; x_wconf 86' lang='lat'><strong>24,</strong></span> <span class='ocrx_word' id='word_1_375' title='bbox 1326 3060 1361 3091; x_wconf 77' lang='lat'><strong>‘⁶</strong></span> <span class='ocrx_word' id='word_1_376' title='bbox 1385 3057 1488 3117; x_wconf 84' lang='lat' dir='ltr'><strong>sed</strong></span> <span class='ocrx_word' id='word_1_377' title='bbox 1517 3058 1576 3114; x_wconf 93' lang='lat' dir='ltr'><strong>in</strong></span> <span class='ocrx_word' id='word_1_378' title='bbox 1595 3056 1838 3134; x_wconf 88' lang='lat' dir='ltr'><strong>judicio,</strong></span> <span class='ocrx_word' id='word_1_379' title='bbox 1869 3077 1987 3116; x_wconf 89' lang='lat' dir='ltr'><strong>non</strong></span> <span class='ocrx_word' id='word_1_380' title='bbox 2026 3057 2088 3114; x_wconf 90' lang='lat' dir='ltr'><strong>in</strong></span> <span class='ocrx_word' id='word_1_381' title='bbox 2123 3056 2209 3114; x_wconf 88' lang='lat' dir='ltr'><strong>ira</strong></span> <span class='ocrx_word' id='word_1_382' title='bbox 2244 3064 2360 3132; x_wconf 88' lang='lat' dir='ltr'><strong>tua,</strong></span> <span class='ocrx_word' id='word_1_383' title='bbox 2391 3077 2465 3116; x_wconf 91' lang='lat' dir='ltr'><strong>ne</strong></span> <span class='ocrx_word' id='word_1_384' title='bbox 2494 3057 2640 3117; x_wconf 86' lang='lat' dir='ltr'><strong>forte</strong></span> <span class='ocrx_word' id='word_1_385' title='bbox 2688 3058 2874 3117; x_wconf 87' lang='lat' dir='ltr'><strong>immi-</strong></span> 
     </span>
     <span class='ocr_line' id='line_1_35' title="bbox 468 3136 2874 3215; baseline 0.001 -19"><span class='ocrx_word' id='word_1_386' title='bbox 468 3159 614 3199; x_wconf 88' lang='lat' dir='ltr'><strong>nuas</strong></span> <span class='ocrx_word' id='word_1_387' title='bbox 655 3158 786 3214; x_wconf 81' lang='lat' dir='ltr'><strong>me3</strong></span> <span class='ocrx_word' id='word_1_388' title='bbox 833 3137 1083 3196; x_wconf 87' lang='lat' dir='ltr'><strong>Effunde</strong></span> <span class='ocrx_word' id='word_1_389' title='bbox 1112 3137 1362 3197; x_wconf 84' lang='lat' dir='ltr'><strong>furorem</strong></span> <span class='ocrx_word' id='word_1_390' title='bbox 1390 3146 1555 3196; x_wconf 89' lang='lat' dir='ltr'><strong>tuum</strong></span> <span class='ocrx_word' id='word_1_391' title='bbox 1598 3138 1660 3194; x_wconf 92' lang='lat' dir='ltr'><strong>in</strong></span> <span class='ocrx_word' id='word_1_392' title='bbox 1702 3145 1905 3215; x_wconf 86' lang='lat' dir='ltr'><strong>gentes</strong></span> <span class='ocrx_word' id='word_1_393' title='bbox 1940 3157 2068 3213; x_wconf 83' lang='lat' dir='ltr'><strong>quae</strong></span> <span class='ocrx_word' id='word_1_394' title='bbox 2110 3145 2168 3195; x_wconf 88' lang='lat' dir='ltr'><strong>te</strong></span> <span class='ocrx_word' id='word_1_395' title='bbox 2207 3156 2324 3194; x_wconf 89' lang='lat' dir='ltr'><strong>non</strong></span> <span class='ocrx_word' id='word_1_396' title='bbox 2353 3138 2697 3213; x_wconf 86' lang='lat' dir='ltr'><strong>noverunt‚’&#39;</strong></span> <span class='ocrx_word' id='word_1_397' title='bbox 2729 3136 2836 3198; x_wconf 80' lang='lat' dir='ltr'><strong>&amp;c.</strong></span> <span class='ocrx_word' id='word_1_398' title='bbox 2855 3161 2874 3211; x_wconf 86' lang='lat'>;</span> 
     </span>
     <span class='ocr_line' id='line_1_36' title="bbox 470 3215 2876 3295; baseline 0 -20"><span class='ocrx_word' id='word_1_399' title='bbox 470 3218 625 3276; x_wconf 84' lang='lat' dir='ltr'><strong>Hab.</strong></span> <span class='ocrx_word' id='word_1_400' title='bbox 656 3218 737 3275; x_wconf 90' lang='lat' dir='ltr'><strong>iii.</strong></span> <span class='ocrx_word' id='word_1_401' title='bbox 769 3222 825 3290; x_wconf 84' lang='lat'><strong>2,</strong></span> <span class='ocrx_word' id='word_1_402' title='bbox 870 3216 1121 3291; x_wconf 83' lang='lat' dir='ltr'><strong>“Quum</strong></span> <span class='ocrx_word' id='word_1_403' title='bbox 1162 3218 1343 3276; x_wconf 87' lang='lat' dir='ltr'><strong>iratus</strong></span> <span class='ocrx_word' id='word_1_404' title='bbox 1385 3216 1563 3275; x_wconf 83' lang='lat' dir='ltr'><strong>fueris</strong></span> <span class='ocrx_word' id='word_1_405' title='bbox 1596 3217 2004 3276; x_wconf 73' lang='lat' dir='ltr'><strong>misericordiae</strong></span> <span class='ocrx_word' id='word_1_406' title='bbox 2051 3215 2443 3276; x_wconf 85' lang='lat' dir='ltr'><strong>recordaberis</strong></span> <span class='ocrx_word' id='word_1_407' title='bbox 2467 3218 2524 3295; x_wconf 85' lang='lat'><strong>;&#39;’</strong></span> <span class='ocrx_word' id='word_1_408' title='bbox 2570 3217 2719 3291; x_wconf 88' lang='lat' dir='ltr'><strong>Quia</strong></span> <span class='ocrx_word' id='word_1_409' title='bbox 2757 3236 2876 3277; x_wconf 88' lang='lat' dir='ltr'><strong>non</strong></span> 
     </span>
     <span class='ocr_line' id='line_1_37' title="bbox 466 3295 2873 3375; baseline 0.001 -21"><span class='ocrx_word' id='word_1_410' title='bbox 466 3296 682 3375; x_wconf 87' lang='lat' dir='ltr'><strong>patitur</strong></span> <span class='ocrx_word' id='word_1_411' title='bbox 726 3298 844 3353; x_wconf 90' lang='lat' dir='ltr'><strong>“ut</strong></span> <span class='ocrx_word' id='word_1_412' title='bbox 872 3295 1040 3371; x_wconf 87' lang='lat' dir='ltr'><strong>virga</strong></span> <span class='ocrx_word' id='word_1_413' title='bbox 1082 3296 1395 3373; x_wconf 88' lang='lat' dir='ltr'><strong>impietatis</strong></span> <span class='ocrx_word' id='word_1_414' title='bbox 1443 3296 1704 3373; x_wconf 87' lang='lat' dir='ltr'><strong>quiescat</strong></span> <span class='ocrx_word' id='word_1_415' title='bbox 1745 3298 1805 3354; x_wconf 90' lang='lat' dir='ltr'><strong>in</strong></span> <span class='ocrx_word' id='word_1_416' title='bbox 1851 3305 2189 3373; x_wconf 90' lang='lat' dir='ltr'><strong>perpetuum</strong></span> <span class='ocrx_word' id='word_1_417' title='bbox 2235 3316 2407 3374; x_wconf 87' lang='lat' dir='ltr'><strong>super</strong></span> <span class='ocrx_word' id='word_1_418' title='bbox 2451 3305 2663 3357; x_wconf 86' lang='lat' dir='ltr'><strong>sortem</strong></span> <span class='ocrx_word' id='word_1_419' title='bbox 2683 3299 2873 3375; x_wconf 87' lang='lat' dir='ltr'><strong>justo-</strong></span> 
     </span>
     <span class='ocr_line' id='line_1_38' title="bbox 466 3370 2874 3453; baseline 0.002 -20"><span class='ocrx_word' id='word_1_420' title='bbox 466 3374 653 3450; x_wconf 84' lang='lat' dir='ltr'><strong>rum,&#39;&#39;</strong></span> <span class='ocrx_word' id='word_1_421' title='bbox 682 3370 790 3433; x_wconf 72' lang='lat' dir='ltr'><strong>Sto.</strong></span> <span class='ocrx_word' id='word_1_422' title='bbox 824 3373 978 3431; x_wconf 84' lang='lat' dir='ltr'><strong>Psal.</strong></span> <span class='ocrx_word' id='word_1_423' title='bbox 1010 3394 1185 3431; x_wconf 84' lang='lat' dir='ltr'><strong>cxxv.</strong></span> <span class='ocrx_word' id='word_1_424' title='bbox 1218 3377 1293 3448; x_wconf 82' lang='lat'><strong>33</strong></span> <span class='ocrx_word' id='word_1_425' title='bbox 1344 3378 1379 3407; x_wconf 79' lang='lat'><strong>‘⁴</strong></span> <span class='ocrx_word' id='word_1_426' title='bbox 1406 3375 1469 3431; x_wconf 88' lang='lat' dir='ltr'><strong>Si</strong></span> <span class='ocrx_word' id='word_1_427' title='bbox 1514 3374 1587 3432; x_wconf 88' lang='lat' dir='ltr'><strong>ad</strong></span> <span class='ocrx_word' id='word_1_428' title='bbox 1631 3384 1986 3433; x_wconf 89' lang='lat' dir='ltr'><strong>momentum</strong></span> <span class='ocrx_word' id='word_1_429' title='bbox 2031 3375 2337 3434; x_wconf 86' lang='lat' dir='ltr'><strong>abscondit</strong></span> <span class='ocrx_word' id='word_1_430' title='bbox 2377 3375 2600 3452; x_wconf 86' lang='lat' dir='ltr'><strong>faciem,</strong></span> <span class='ocrx_word' id='word_1_431' title='bbox 2648 3378 2874 3453; x_wconf 85' lang='lat' dir='ltr'><strong>colligit</strong></span> 
     </span>
     <span class='ocr_line' id='line_1_39' title="bbox 464 3453 2874 3535; baseline 0.001 -22"><span class='ocrx_word' id='word_1_432' title='bbox 464 3464 667 3533; x_wconf 85' lang='lat' dir='ltr'><strong>postea</strong></span> <span class='ocrx_word' id='word_1_433' title='bbox 694 3453 755 3511; x_wconf 86' lang='lat' dir='ltr'><strong>in</strong></span> <span class='ocrx_word' id='word_1_434' title='bbox 782 3453 1247 3512; x_wconf 87' lang='lat' dir='ltr'><strong>miserationibus</strong></span> <span class='ocrx_word' id='word_1_435' title='bbox 1276 3454 1557 3527; x_wconf 81' lang='lat' dir='ltr'><strong>aeternis‚’&#39;</strong></span> <span class='ocrx_word' id='word_1_436' title='bbox 1590 3454 1704 3512; x_wconf 90' lang='lat' dir='ltr'><strong>Isa.</strong></span> <span class='ocrx_word' id='word_1_437' title='bbox 1735 3454 1836 3513; x_wconf 85' lang='lat' dir='ltr'><strong>liv.</strong></span> <span class='ocrx_word' id='word_1_438' title='bbox 1869 3456 1924 3513; x_wconf 91' lang='lat'><strong>8.</strong></span> <span class='ocrx_word' id='word_1_439' title='bbox 1999 3454 2094 3513; x_wconf 89' lang='lat' dir='ltr'><strong>Ita</strong></span> <span class='ocrx_word' id='word_1_440' title='bbox 2120 3455 2356 3515; x_wconf 86' lang='lat' dir='ltr'><strong>modum</strong></span> <span class='ocrx_word' id='word_1_441' title='bbox 2385 3476 2612 3535; x_wconf 88' lang='lat' dir='ltr'><strong>semper</strong></span> <span class='ocrx_word' id='word_1_442' title='bbox 2638 3457 2874 3516; x_wconf 85' lang='lat' dir='ltr'><strong>adhibet</strong></span> 
     </span>
     <span class='ocr_line' id='line_1_40' title="bbox 470 3532 2875 3611; baseline 0.001 -17"><span class='ocrx_word' id='word_1_443' title='bbox 470 3536 631 3594; x_wconf 85' lang='lat' dir='ltr'><strong>Deus</strong></span> <span class='ocrx_word' id='word_1_444' title='bbox 672 3532 1149 3611; x_wconf 79' lang='lat' dir='ltr'><strong>castigationibus</strong></span> <span class='ocrx_word' id='word_1_445' title='bbox 1190 3533 1312 3592; x_wconf 87' lang='lat' dir='ltr'><strong>suis</strong></span> <span class='ocrx_word' id='word_1_446' title='bbox 1352 3553 1425 3591; x_wconf 89' lang='lat' dir='ltr'><strong>ne</strong></span> <span class='ocrx_word' id='word_1_447' title='bbox 1467 3533 1622 3591; x_wconf 87' lang='lat' dir='ltr'><strong>ultra</strong></span> <span class='ocrx_word' id='word_1_448' title='bbox 1649 3532 1802 3591; x_wconf 82' lang='lat' dir='ltr'><strong>vires</strong></span> <span class='ocrx_word' id='word_1_449' title='bbox 1843 3534 1924 3611; x_wconf 91' lang='lat' dir='ltr'><strong>pii</strong></span> <span class='ocrx_word' id='word_1_450' title='bbox 1951 3533 2298 3611; x_wconf 86' lang='lat' dir='ltr'><strong>affligantur,</strong></span> <span class='ocrx_word' id='word_1_451' title='bbox 2333 3540 2362 3594; x_wconf 95' lang='lat'>1</span> <span class='ocrx_word' id='word_1_452' title='bbox 2397 3536 2528 3596; x_wconf 90' lang='lat' dir='ltr'><strong>Cor.</strong></span> <span class='ocrx_word' id='word_1_453' title='bbox 2557 3558 2618 3595; x_wconf 82' lang='lat' dir='ltr'><strong>x.</strong></span> <span class='ocrx_word' id='word_1_454' title='bbox 2653 3541 2744 3611; x_wconf 89' lang='lat'><strong>13,</strong></span> <span class='ocrx_word' id='word_1_455' title='bbox 2774 3538 2875 3596; x_wconf 87' lang='lat' dir='ltr'><strong>vel</strong></span> 
     </span>
     <span class='ocr_line' id='line_1_41' title="bbox 463 3613 2874 3695; baseline 0 -20"><span class='ocrx_word' id='word_1_456' title='bbox 463 3616 573 3675; x_wconf 90' lang='lat' dir='ltr'><strong>toti</strong></span> <span class='ocrx_word' id='word_1_457' title='bbox 616 3614 785 3673; x_wconf 88' lang='lat' dir='ltr'><strong>malis</strong></span> <span class='ocrx_word' id='word_1_458' title='bbox 830 3614 1260 3673; x_wconf 87' lang='lat' dir='ltr'><strong>absorbeantur.</strong></span> <span class='ocrx_word' id='word_1_459' title='bbox 1320 3613 1499 3689; x_wconf 87' lang='lat' dir='ltr'><strong>Cujus</strong></span> <span class='ocrx_word' id='word_1_460' title='bbox 1542 3613 1798 3673; x_wconf 86' lang='lat' dir='ltr'><strong>lenitatis</strong></span> <span class='ocrx_word' id='word_1_461' title='bbox 1841 3614 2121 3673; x_wconf 87' lang='lat' dir='ltr'><strong>rationem</strong></span> <span class='ocrx_word' id='word_1_462' title='bbox 2171 3615 2336 3675; x_wconf 85' lang='lat' dir='ltr'><strong>affert</strong></span> <span class='ocrx_word' id='word_1_463' title='bbox 2385 3616 2670 3677; x_wconf 89' lang='lat' dir='ltr'><strong>Dominus</strong></span> <span class='ocrx_word' id='word_1_464' title='bbox 2717 3618 2874 3695; x_wconf 88' lang='lat' dir='ltr'><strong>apud</strong></span> 
     </span>
     <span class='ocr_line' id='line_1_42' title="bbox 468 3693 2877 3775; baseline 0 -20"><span class='ocrx_word' id='word_1_465' title='bbox 468 3696 586 3755; x_wconf 91' lang='lat' dir='ltr'><strong>Isa.</strong></span> <span class='ocrx_word' id='word_1_466' title='bbox 616 3695 805 3755; x_wconf 81' lang='lat' dir='ltr'><strong>xlviii.</strong></span> <span class='ocrx_word' id='word_1_467' title='bbox 832 3696 889 3769; x_wconf 85' lang='lat'><strong>9,</strong></span> <span class='ocrx_word' id='word_1_468' title='bbox 920 3697 1011 3768; x_wconf 91' lang='grc'><strong>10,</strong></span> <span class='ocrx_word' id='word_1_469' title='bbox 1038 3696 1072 3727; x_wconf 89' lang='lat'><strong>“</strong></span> <span class='ocrx_word' id='word_1_470' title='bbox 1097 3693 1169 3751; x_wconf 91' lang='lat' dir='ltr'><strong>In</strong></span> <span class='ocrx_word' id='word_1_471' title='bbox 1191 3694 1327 3770; x_wconf 87' lang='lat' dir='ltr'><strong>igne</strong></span> <span class='ocrx_word' id='word_1_472' title='bbox 1345 3694 1657 3771; x_wconf 86' lang='lat' dir='ltr'><strong>repurgavi</strong></span> <span class='ocrx_word' id='word_1_473' title='bbox 1675 3697 1786 3768; x_wconf 86' lang='lat' dir='ltr'><strong>te‚”</strong></span> <span class='ocrx_word' id='word_1_474' title='bbox 1804 3694 2010 3771; x_wconf 88' lang='lat' dir='ltr'><strong>inquit,</strong></span> <span class='ocrx_word' id='word_1_475' title='bbox 2035 3697 2071 3726; x_wconf 92' lang='lat'><strong>“</strong></span> <span class='ocrx_word' id='word_1_476' title='bbox 2095 3694 2198 3753; x_wconf 89' lang='lat' dir='ltr'><strong>sed</strong></span> <span class='ocrx_word' id='word_1_477' title='bbox 2219 3716 2336 3754; x_wconf 88' lang='lat' dir='ltr'><strong>non</strong></span> <span class='ocrx_word' id='word_1_478' title='bbox 2353 3697 2517 3755; x_wconf 80' lang='lat' dir='ltr'><strong>velut</strong></span> <span class='ocrx_word' id='word_1_479' title='bbox 2537 3706 2839 3774; x_wconf 84' lang='lat' dir='ltr'><strong>argentum</strong></span> <span class='ocrx_word' id='word_1_480' title='bbox 2861 3721 2877 3775; x_wconf 88' lang='lat'>;</span> 
     </span>
     <span class='ocr_line' id='line_1_43' title="bbox 463 3773 2874 3856; baseline 0.001 -22"><span class='ocrx_word' id='word_1_481' title='bbox 463 3796 597 3835; x_wconf 90' lang='lat' dir='ltr'><strong>nam</strong></span> <span class='ocrx_word' id='word_1_482' title='bbox 627 3784 686 3835; x_wconf 90' lang='lat' dir='ltr'><strong>et</strong></span> <span class='ocrx_word' id='word_1_483' title='bbox 712 3776 835 3855; x_wconf 89' lang='lat' dir='ltr'><strong>ipse</strong></span> <span class='ocrx_word' id='word_1_484' title='bbox 865 3782 1021 3833; x_wconf 88' lang='lat' dir='ltr'><strong>totus</strong></span> <span class='ocrx_word' id='word_1_485' title='bbox 1050 3773 1388 3851; x_wconf 89' lang='lat' dir='ltr'><strong>absumptus</strong></span> <span class='ocrx_word' id='word_1_486' title='bbox 1416 3774 1634 3833; x_wconf 89' lang='lat' dir='ltr'><strong>esses.”</strong></span> <span class='ocrx_word' id='word_1_487' title='bbox 1710 3776 1765 3833; x_wconf 88' lang='lat'><strong>3.</strong></span> <span class='ocrx_word' id='word_1_488' title='bbox 1798 3774 2004 3848; x_wconf 86' lang='lat' dir='ltr'><strong>Quoad</strong></span> <span class='ocrx_word' id='word_1_489' title='bbox 2013 3776 2231 3854; x_wconf 80' lang='lat' dir='ltr'><strong>finem;</strong></span> <span class='ocrx_word' id='word_1_490' title='bbox 2278 3775 2426 3833; x_wconf 88' lang='lat' dir='ltr'><strong>Nam</strong></span> <span class='ocrx_word' id='word_1_491' title='bbox 2455 3796 2642 3854; x_wconf 80' lang='lat' dir='ltr'><strong>poenae</strong></span> <span class='ocrx_word' id='word_1_492' title='bbox 2670 3778 2874 3856; x_wconf 86' lang='lat' dir='ltr'><strong>impio-</strong></span> 
     </span>
     <span class='ocr_line' id='line_1_44' title="bbox 464 3853 2875 3935; baseline 0.001 -19"><span class='ocrx_word' id='word_1_493' title='bbox 464 3876 592 3916; x_wconf 86' lang='lat' dir='ltr'><strong>rum</strong></span> <span class='ocrx_word' id='word_1_494' title='bbox 619 3864 685 3915; x_wconf 90' lang='lat' dir='ltr'><strong>ut</strong></span> <span class='ocrx_word' id='word_1_495' title='bbox 712 3857 786 3915; x_wconf 89' lang='lat' dir='ltr'><strong>ab</strong></span> <span class='ocrx_word' id='word_1_496' title='bbox 813 3855 900 3914; x_wconf 86' lang='lat' dir='ltr'><strong>ira</strong></span> <span class='ocrx_word' id='word_1_497' title='bbox 928 3863 987 3913; x_wconf 89' lang='lat' dir='ltr'><strong>et</strong></span> <span class='ocrx_word' id='word_1_498' title='bbox 1012 3853 1417 3912; x_wconf 87' lang='lat' dir='ltr'><strong>maledictione</strong></span> <span class='ocrx_word' id='word_1_499' title='bbox 1446 3854 1725 3928; x_wconf 85' lang='lat' dir='ltr'><strong>oriuntur,</strong></span> <span class='ocrx_word' id='word_1_500' title='bbox 1755 3854 1838 3914; x_wconf 90' lang='lat' dir='ltr'><strong>ita</strong></span> <span class='ocrx_word' id='word_1_501' title='bbox 1859 3854 2104 3913; x_wconf 89' lang='lat' dir='ltr'><strong>tendunt</strong></span> <span class='ocrx_word' id='word_1_502' title='bbox 2131 3855 2207 3913; x_wconf 88' lang='lat' dir='ltr'><strong>ad</strong></span> <span class='ocrx_word' id='word_1_503' title='bbox 2231 3854 2509 3915; x_wconf 89' lang='lat' dir='ltr'><strong>ultionem</strong></span> <span class='ocrx_word' id='word_1_504' title='bbox 2542 3858 2787 3935; x_wconf 76' lang='lat' dir='ltr'><strong>justitiae</strong></span> <span class='ocrx_word' id='word_1_505' title='bbox 2809 3866 2875 3919; x_wconf 81' lang='lat' dir='ltr'><strong>et</strong></span> 
     </span>
     <span class='ocr_line' id='line_1_45' title="bbox 464 3933 2874 4014; baseline -0 -17"><span class='ocrx_word' id='word_1_506' title='bbox 464 3936 707 3997; x_wconf 87' lang='lat' dir='ltr'><strong>exitium</strong></span> <span class='ocrx_word' id='word_1_507' title='bbox 736 3934 1052 4014; x_wconf 87' lang='lat' dir='ltr'><strong>peccatoris</strong></span> <span class='ocrx_word' id='word_1_508' title='bbox 1078 3956 1091 3993; x_wconf 90' lang='lat'><strong>:</strong></span> <span class='ocrx_word' id='word_1_509' title='bbox 1138 3933 1311 3993; x_wconf 88' lang='lat' dir='ltr'><strong>Unde</strong></span> <span class='ocrx_word' id='word_1_510' title='bbox 1340 3933 1615 4011; x_wconf 88' lang='lat' dir='ltr'><strong>quicquid</strong></span> <span class='ocrx_word' id='word_1_511' title='bbox 1643 3934 2014 3994; x_wconf 87' lang='lat' dir='ltr'><strong>afflictionum</strong></span> <span class='ocrx_word' id='word_1_512' title='bbox 2043 3936 2102 3992; x_wconf 91' lang='lat' dir='ltr'><strong>in</strong></span> <span class='ocrx_word' id='word_1_513' title='bbox 2130 3935 2238 3994; x_wconf 88' lang='lat' dir='ltr'><strong>hac</strong></span> <span class='ocrx_word' id='word_1_514' title='bbox 2260 3936 2384 3994; x_wconf 85' lang='lat' dir='ltr'><strong>vita</strong></span> <span class='ocrx_word' id='word_1_515' title='bbox 2423 3938 2726 4013; x_wconf 88' lang='lat' dir='ltr'><strong>sustinent,</strong></span> <span class='ocrx_word' id='word_1_516' title='bbox 2769 3958 2874 3997; x_wconf 85' lang='lat' dir='ltr'><strong>no·</strong></span> 
     </span>
     <span class='ocr_line' id='line_1_46' title="bbox 464 4012 2871 4094; baseline 0 -18"><span class='ocrx_word' id='word_1_517' title='bbox 464 4017 555 4077; x_wconf 90' lang='lat' dir='ltr'><strong>bis</strong></span> <span class='ocrx_word' id='word_1_518' title='bbox 584 4016 918 4094; x_wconf 87' lang='lat' dir='ltr'><strong>depingitur</strong></span> <span class='ocrx_word' id='word_1_519' title='bbox 943 4022 1009 4075; x_wconf 86' lang='lat' dir='ltr'><strong>ut</strong></span> <span class='ocrx_word' id='word_1_520' title='bbox 1025 4013 1315 4090; x_wconf 88' lang='lat' dir='ltr'><strong>quoddam</strong></span> <span class='ocrx_word' id='word_1_521' title='bbox 1346 4012 1655 4073; x_wconf 84' lang='lat' dir='ltr'><strong>inferorum</strong></span> <span class='ocrx_word' id='word_1_522' title='bbox 1685 4014 1912 4091; x_wconf 86' lang='lat' dir='ltr'><strong>atrium,</strong></span> <span class='ocrx_word' id='word_1_523' title='bbox 1937 4014 2038 4074; x_wconf 89' lang='lat' dir='ltr'><strong>ubi</strong></span> <span class='ocrx_word' id='word_1_524' title='bbox 2065 4024 2335 4074; x_wconf 84' lang='lat' dir='ltr'><strong>aeternam</strong></span> <span class='ocrx_word' id='word_1_525' title='bbox 2359 4036 2519 4075; x_wconf 89' lang='lat' dir='ltr'><strong>suam</strong></span> <span class='ocrx_word' id='word_1_526' title='bbox 2550 4017 2871 4076; x_wconf 89' lang='lat' dir='ltr'><strong>damnatio·</strong></span> 
     </span>
     <span class='ocr_line' id='line_1_47' title="bbox 462 4094 2872 4174; baseline 0.001 -19"><span class='ocrx_word' id='word_1_527' title='bbox 462 4117 595 4156; x_wconf 89' lang='lat' dir='ltr'><strong>nem</strong></span> <span class='ocrx_word' id='word_1_528' title='bbox 640 4097 865 4156; x_wconf 89' lang='lat' dir='ltr'><strong>eminus</strong></span> <span class='ocrx_word' id='word_1_529' title='bbox 901 4096 1026 4174; x_wconf 86' lang='lat' dir='ltr'><strong>jam</strong></span> <span class='ocrx_word' id='word_1_530' title='bbox 1068 4094 1447 4172; x_wconf 87' lang='lat' dir='ltr'><strong>conspiciunt,</strong></span> <span class='ocrx_word' id='word_1_531' title='bbox 1494 4102 1835 4171; x_wconf 89' lang='lat' dir='ltr'><strong>tantumque</strong></span> <span class='ocrx_word' id='word_1_532' title='bbox 1879 4095 2044 4154; x_wconf 86' lang='lat' dir='ltr'><strong>abest</strong></span> <span class='ocrx_word' id='word_1_533' title='bbox 2081 4104 2146 4155; x_wconf 92' lang='lat' dir='ltr'><strong>ut</strong></span> <span class='ocrx_word' id='word_1_534' title='bbox 2183 4095 2317 4155; x_wconf 89' lang='lat' dir='ltr'><strong>inde</strong></span> <span class='ocrx_word' id='word_1_535' title='bbox 2355 4096 2733 4157; x_wconf 89' lang='lat' dir='ltr'><strong>emendentur</strong></span> <span class='ocrx_word' id='word_1_536' title='bbox 2769 4106 2872 4158; x_wconf 88' lang='lat' dir='ltr'><strong>aut</strong></span> 
     </span>
     <span class='ocr_line' id='line_1_48' title="bbox 462 4173 2872 4255; baseline 0.001 -19"><span class='ocrx_word' id='word_1_537' title='bbox 462 4178 711 4236; x_wconf 83' lang='lat' dir='ltr'><strong>fructum</strong></span> <span class='ocrx_word' id='word_1_538' title='bbox 740 4178 991 4254; x_wconf 88' lang='lat' dir='ltr'><strong>aliquem</strong></span> <span class='ocrx_word' id='word_1_539' title='bbox 1018 4174 1353 4253; x_wconf 90' lang='lat' dir='ltr'><strong>percipiant,</strong></span> <span class='ocrx_word' id='word_1_540' title='bbox 1384 4182 1449 4234; x_wconf 89' lang='lat' dir='ltr'><strong>ut</strong></span> <span class='ocrx_word' id='word_1_541' title='bbox 1476 4174 1670 4252; x_wconf 87' lang='lat' dir='ltr'><strong>potius</strong></span> <span class='ocrx_word' id='word_1_542' title='bbox 1697 4173 1912 4233; x_wconf 85' lang='lat' dir='ltr'><strong>talibus</strong></span> <span class='ocrx_word' id='word_1_543' title='bbox 1939 4174 2232 4253; x_wconf 75' lang='lat' dir='ltr'><strong>praeludiis</strong></span> <span class='ocrx_word' id='word_1_544' title='bbox 2265 4177 2341 4235; x_wconf 88' lang='lat' dir='ltr'><strong>ad</strong></span> <span class='ocrx_word' id='word_1_545' title='bbox 2368 4176 2712 4236; x_wconf 86' lang='lat' dir='ltr'><strong>dirissimam</strong></span> <span class='ocrx_word' id='word_1_546' title='bbox 2743 4198 2872 4255; x_wconf 85' lang='lat' dir='ltr'><strong>quae</strong></span> 
     </span>
     <span class='ocr_line' id='line_1_49' title="bbox 462 4253 2869 4333; baseline 0.001 -18"><span class='ocrx_word' id='word_1_547' title='bbox 462 4276 563 4315; x_wconf 85' lang='lat' dir='ltr'><strong>eos</strong></span> <span class='ocrx_word' id='word_1_548' title='bbox 592 4257 825 4315; x_wconf 88' lang='lat' dir='ltr'><strong>tandem</strong></span> <span class='ocrx_word' id='word_1_549' title='bbox 852 4265 1047 4315; x_wconf 90' lang='lat' dir='ltr'><strong>manet</strong></span> <span class='ocrx_word' id='word_1_550' title='bbox 1076 4256 1398 4333; x_wconf 89' lang='lat' dir='ltr'><strong>gehennam</strong></span> <span class='ocrx_word' id='word_1_551' title='bbox 1440 4262 1824 4332; x_wconf 87' lang='lat' dir='ltr'><strong>apparentur;</strong></span> <span class='ocrx_word' id='word_1_552' title='bbox 1868 4254 2003 4313; x_wconf 91' lang='lat' dir='ltr'><strong>hinc</strong></span> <span class='ocrx_word' id='word_1_553' title='bbox 2045 4253 2292 4315; x_wconf 86' lang='lat' dir='ltr'><strong>fremunt</strong></span> <span class='ocrx_word' id='word_1_554' title='bbox 2320 4265 2378 4317; x_wconf 89' lang='lat' dir='ltr'><strong>et</strong></span> <span class='ocrx_word' id='word_1_555' title='bbox 2407 4258 2706 4317; x_wconf 86' lang='lat' dir='ltr'><strong>calcitrant</strong></span> <span class='ocrx_word' id='word_1_556' title='bbox 2734 4278 2869 4317; x_wconf 87' lang='lat' dir='ltr'><strong>con-</strong></span> 
     </span>
     <span class='ocr_line' id='line_1_50' title="bbox 460 4335 2870 4415; baseline 0 -20"><span class='ocrx_word' id='word_1_557' title='bbox 460 4345 552 4395; x_wconf 88' lang='lat' dir='ltr'><strong>tra</strong></span> <span class='ocrx_word' id='word_1_558' title='bbox 581 4336 876 4397; x_wconf 87' lang='lat' dir='ltr'><strong>stimulum</strong></span> <span class='ocrx_word' id='word_1_559' title='bbox 906 4345 963 4395; x_wconf 91' lang='lat' dir='ltr'><strong>et</strong></span> <span class='ocrx_word' id='word_1_560' title='bbox 992 4336 1055 4394; x_wconf 90' lang='lat' dir='ltr'><strong>in</strong></span> <span class='ocrx_word' id='word_1_561' title='bbox 1081 4335 1497 4413; x_wconf 87' lang='lat' dir='ltr'><strong>desperationis</strong></span> <span class='ocrx_word' id='word_1_562' title='bbox 1524 4335 1859 4394; x_wconf 87' lang='lat' dir='ltr'><strong>barathrum</strong></span> <span class='ocrx_word' id='word_1_563' title='bbox 1888 4354 2012 4394; x_wconf 88' lang='lat' dir='ltr'><strong>sese</strong></span> <span class='ocrx_word' id='word_1_564' title='bbox 2039 4336 2418 4415; x_wconf 77' lang='lat' dir='ltr'><strong>praecipitant.</strong></span> <span class='ocrx_word' id='word_1_565' title='bbox 2489 4336 2576 4396; x_wconf 86' lang='lat' dir='ltr'><strong>At</strong></span> <span class='ocrx_word' id='word_1_566' title='bbox 2611 4336 2870 4397; x_wconf 90' lang='lat' dir='ltr'><strong>fidelium</strong></span> 
     </span>
     <span class='ocr_line' id='line_1_51' title="bbox 463 4414 2868 4497; baseline 0.001 -22"><span class='ocrx_word' id='word_1_567' title='bbox 463 4415 578 4475; x_wconf 87' lang='lat' dir='ltr'><strong>alia</strong></span> <span class='ocrx_word' id='word_1_568' title='bbox 604 4416 750 4474; x_wconf 85' lang='lat' dir='ltr'><strong>ratio</strong></span> <span class='ocrx_word' id='word_1_569' title='bbox 780 4426 901 4494; x_wconf 88' lang='lat' dir='ltr'><strong>est;</strong></span> <span class='ocrx_word' id='word_1_570' title='bbox 948 4414 1096 4475; x_wconf 89' lang='lat' dir='ltr'><strong>Nam</strong></span> <span class='ocrx_word' id='word_1_571' title='bbox 1126 4416 1463 4475; x_wconf 86' lang='lat' dir='ltr'><strong>afflictiones</strong></span> <span class='ocrx_word' id='word_1_572' title='bbox 1490 4436 1689 4475; x_wconf 83' lang='lat' dir='ltr'><strong>eorum</strong></span> <span class='ocrx_word' id='word_1_573' title='bbox 1717 4435 1833 4475; x_wconf 90' lang='lat' dir='ltr'><strong>non</strong></span> <span class='ocrx_word' id='word_1_574' title='bbox 1861 4415 2107 4475; x_wconf 89' lang='lat' dir='ltr'><strong>tendunt</strong></span> <span class='ocrx_word' id='word_1_575' title='bbox 2134 4416 2210 4474; x_wconf 90' lang='lat' dir='ltr'><strong>ad</strong></span> <span class='ocrx_word' id='word_1_576' title='bbox 2235 4437 2482 4497; x_wconf 87' lang='lat' dir='ltr'><strong>poenam,</strong></span> <span class='ocrx_word' id='word_1_577' title='bbox 2513 4418 2620 4477; x_wconf 89' lang='lat' dir='ltr'><strong>sed</strong></span> <span class='ocrx_word' id='word_1_578' title='bbox 2646 4418 2721 4477; x_wconf 90' lang='lat' dir='ltr'><strong>ad</strong></span> <span class='ocrx_word' id='word_1_579' title='bbox 2749 4438 2868 4477; x_wconf 88' lang='lat' dir='ltr'><strong>me·</strong></span> 
     </span>
     <span class='ocr_line' id='line_1_52' title="bbox 462 4494 2869 4577; baseline 0.002 -24"><span class='ocrx_word' id='word_1_580' title='bbox 462 4494 729 4568; x_wconf 88' lang='lat' dir='ltr'><strong>dicinam,</strong></span> <span class='ocrx_word' id='word_1_581' title='bbox 761 4515 879 4555; x_wconf 89' lang='lat' dir='ltr'><strong>non</strong></span> <span class='ocrx_word' id='word_1_582' title='bbox 906 4495 981 4555; x_wconf 86' lang='lat' dir='ltr'><strong>ad</strong></span> <span class='ocrx_word' id='word_1_583' title='bbox 1010 4494 1459 4556; x_wconf 88' lang='lat' dir='ltr'><strong>destructionem</strong></span> <span class='ocrx_word' id='word_1_584' title='bbox 1486 4496 1824 4575; x_wconf 86' lang='lat' dir='ltr'><strong>peccatoris,</strong></span> <span class='ocrx_word' id='word_1_585' title='bbox 1873 4495 1976 4555; x_wconf 89' lang='lat' dir='ltr'><strong>sed</strong></span> <span class='ocrx_word' id='word_1_586' title='bbox 2018 4495 2095 4554; x_wconf 89' lang='lat' dir='ltr'><strong>ad</strong></span> <span class='ocrx_word' id='word_1_587' title='bbox 2137 4496 2432 4556; x_wconf 87' lang='lat' dir='ltr'><strong>interitum</strong></span> <span class='ocrx_word' id='word_1_588' title='bbox 2475 4498 2715 4577; x_wconf 87' lang='lat' dir='ltr'><strong>peccati,</strong></span> <span class='ocrx_word' id='word_1_589' title='bbox 2750 4518 2869 4557; x_wconf 87' lang='lat' dir='ltr'><strong>non</strong></span> 
     </span>
     <span class='ocr_line' id='line_1_53' title="bbox 461 4573 2864 4657; baseline 0.002 -24"><span class='ocrx_word' id='word_1_590' title='bbox 461 4583 528 4637; x_wconf 91' lang='lat' dir='ltr'><strong>ut</strong></span> <span class='ocrx_word' id='word_1_591' title='bbox 570 4573 763 4631; x_wconf 88' lang='lat' dir='ltr'><strong>ultrici</strong></span> <span class='ocrx_word' id='word_1_592' title='bbox 805 4575 1049 4651; x_wconf 83' lang='lat' dir='ltr'><strong>justitiae</strong></span> <span class='ocrx_word' id='word_1_593' title='bbox 1098 4576 1359 4653; x_wconf 84' lang='lat' dir='ltr'><strong>satisfiat,</strong></span> <span class='ocrx_word' id='word_1_594' title='bbox 1412 4577 1513 4637; x_wconf 89' lang='lat' dir='ltr'><strong>sed</strong></span> <span class='ocrx_word' id='word_1_595' title='bbox 1557 4585 1624 4637; x_wconf 90' lang='lat' dir='ltr'><strong>ut</strong></span> <span class='ocrx_word' id='word_1_596' title='bbox 1666 4584 1934 4655; x_wconf 89' lang='lat' dir='ltr'><strong>peccator</strong></span> <span class='ocrx_word' id='word_1_597' title='bbox 1961 4576 2059 4635; x_wconf 87' lang='lat' dir='ltr'><strong>vel</strong></span> <span class='ocrx_word' id='word_1_598' title='bbox 2085 4577 2422 4637; x_wconf 86' lang='lat' dir='ltr'><strong>emendetur</strong></span> <span class='ocrx_word' id='word_1_599' title='bbox 2449 4579 2547 4637; x_wconf 81' lang='lat' dir='ltr'><strong>vel</strong></span> <span class='ocrx_word' id='word_1_600' title='bbox 2573 4580 2864 4657; x_wconf 85' lang='lat' dir='ltr'><strong>probetur,</strong></span> 
     </span>
     <span class='ocr_line' id='line_1_54' title="bbox 460 4654 2868 4736; baseline 0.002 -23"><span class='ocrx_word' id='word_1_601' title='bbox 460 4663 525 4714; x_wconf 89' lang='lat' dir='ltr'><strong>ut</strong></span> <span class='ocrx_word' id='word_1_602' title='bbox 562 4672 694 4713; x_wconf 87' lang='lat' dir='ltr'><strong>caro</strong></span> <span class='ocrx_word' id='word_1_603' title='bbox 736 4654 1124 4730; x_wconf 85' lang='lat' dir='ltr'><strong>crucifigatur,</strong></span> <span class='ocrx_word' id='word_1_604' title='bbox 1170 4664 1237 4714; x_wconf 91' lang='lat' dir='ltr'><strong>ut</strong></span> <span class='ocrx_word' id='word_1_605' title='bbox 1281 4676 1488 4733; x_wconf 89' lang='lat' dir='ltr'><strong>corpus</strong></span> <span class='ocrx_word' id='word_1_606' title='bbox 1532 4656 1756 4733; x_wconf 88' lang='lat' dir='ltr'><strong>peccati</strong></span> <span class='ocrx_word' id='word_1_607' title='bbox 1781 4664 2124 4733; x_wconf 82' lang='lat' dir='ltr'><strong>enervetur;</strong></span> <span class='ocrx_word' id='word_1_608' title='bbox 2169 4666 2342 4736; x_wconf 88' lang='lat' dir='ltr'><strong>atque</strong></span> <span class='ocrx_word' id='word_1_609' title='bbox 2371 4656 2453 4716; x_wconf 89' lang='lat' dir='ltr'><strong>ita</strong></span> <span class='ocrx_word' id='word_1_610' title='bbox 2477 4658 2652 4717; x_wconf 86' lang='lat' dir='ltr'><strong>homo</strong></span> <span class='ocrx_word' id='word_1_611' title='bbox 2679 4656 2868 4718; x_wconf 78' lang='lat' dir='ltr'><strong>fidelis</strong></span> 
     </span>
    </p>
   </div>
  </div>
 </body>
</html>
