3234 5192
464 353 597 409 214·
1404 362 1481 409 m:
1512 368 1686 408 amno
1714 360 1891 409 virm.
2538 336 2798 428 [mst’m‘.
2829 362 2869 406 1.

465 509 763 569 electionis
803 511 1246 571 mutabilitatem
1274 516 1658 588 propugnant,
1687 509 1781 568 his
1821 510 1910 569 uti
1937 506 2116 585 vulgo
2143 506 2288 566 locis
2317 506 2505 566 solent
2545 507 2620 565 ad
2663 507 2874 566 erroris

468 590 560 648 sui
580 590 995 651 fulcimentum.

597 726 608 737 ,
1071 670 1322 730 XVIII.
1370 669 1487 729 Sed
1513 668 1815 727 verissima
1840 676 2032 727 tamen
2061 675 2150 726 est
2189 666 2476 725 contraria
2521 666 2873 726 orthodoxo-

465 722 951 831 Nffffiffieffltffffigg
990 771 1119 809 rum
1147 750 1449 826 sententia,
1480 768 1611 827 quse
1656 748 1860 807 statuit
1910 748 2122 807 librum
2169 747 2324 805 hunc
2371 746 2603 805 lituram
2651 748 2870 805 nullam

525 843 775 897 probatur,
994 830 1314 905 admittere,
1344 828 1747 905 neminemque
1775 828 1861 885 illi
1890 828 2068 886 semel
2108 826 2462 904 adscriptum
2489 846 2564 885 ex
2593 846 2663 885 eo
2691 825 2872 884 deleri

468 897 509 943 1·
526 900 947 1003 Βζίξζιξζζῖἱῗιφ
988 929 1178 987 posse.
1268 909 1628 985 Argumenta
1655 927 1781 966 eam
1809 908 1870 965 in
1909 926 2032 966 rem
2060 906 2249 965 afferri
2277 912 2520 984 possunt
2546 907 2724 982 varia,
2770 906 2874 964 sed

530 1020 653 1060 tate.
912 974 949 1004 ι’
988 1008 1173 1067 pauca
1218 996 1442 1047 tantum
1490 1007 1523 1046 e
1570 987 1770 1047 multis
1818 986 2157 1045 delibamus.
2244 986 2501 1045 Primum
2538 986 2755 1063 petitur
2794 1005 2868 1043 ex

991 1071 1339 1127 decretorum
1387 1068 1704 1127 divinorum
1741 1067 2199 1126 immutabilitate.
2311 1066 2458 1125 Cum
2510 1066 2668 1124 enim
2724 1065 2876 1123 liber

466 1143 605 1203 vitae
632 1145 778 1203 nihil
806 1148 965 1207 aliud
1006 1149 1099 1224 sit,
1130 1156 1195 1208 ut
1226 1148 1470 1225 jamjam
1510 1146 1783 1223 diximuS,
1834 1166 2010 1223 quam
2053 1145 2346 1204 decretum
2389 1145 2702 1220 electionis,
2753 1165 2870 1221 quo

469 1224 544 1282 ab
566 1234 781 1285 aeterno
809 1228 1091 1303 quosdam
1119 1228 1343 1287 salvare
1372 1227 1687 1303 constituit,
1720 1227 1770 1285 si
1797 1226 1912 1286 tale
1934 1226 2226 1285 decretum
2243 1224 2470 1282 firmum
2490 1226 2566 1283 sit
2593 1233 2651 1283 et
2677 1249 2870 1301 σιμπε-

468 1311 607 1379 hro»,
638 1305 979 1367 invariatum
1008 1308 1182 1368 etiam
1210 1314 1269 1366 et
1296 1316 1567 1367 aeternam
1596 1326 1722 1365 esse
1764 1326 1998 1365 necesse
2043 1313 2132 1364 est
2159 1304 2292 1363 talis
2318 1306 2454 1363 libri
2497 1304 2871 1381 Scripturam.

471 1384 642 1444 Hanc
660 1396 851 1447 autem
872 1408 1001 1447 esse
1018 1386 1407 1447 conditionem
1434 1387 1794 1446 decretorum
1819 1386 2142 1443 divinorum
2162 1384 2223 1442 in
2245 1404 2471 1462 genere,
2495 1392 2555 1444 et
2581 1384 2642 1442 in
2681 1384 2872 1461 specie

468 1464 686 1525 decreti
728 1468 1267 1544 praedestinationiS,
1298 1476 1357 1526 et
1384 1476 1589 1527 natura
1614 1468 1743 1544 ipsa
1775 1466 1901 1540 Dei,
1933 1474 1992 1523 et
2023 1464 2320 1541 Scriptura.
2355 1474 2550 1542 aperte
2599 1465 2869 1523 clamant.

470 1544 549 1602 Et
594 1553 799 1606 natura
842 1548 1075 1625 quidem
1120 1547 1247 1623 Dei,
1288 1546 1441 1624 quia,
1466 1556 1532 1605 ut
1570 1545 1948 1604 immutabilis
1976 1552 2065 1603 est
2091 1551 2150 1603 et
2177 1552 2446 1603 constans
2473 1545 2536 1602 in
2563 1564 2643 1621 se,
2694 1564 2874 1622 penes

471 1642 644 1699 quem
684 1627 846 1684 nulla
882 1636 971 1686 est
1007 1642 1331 1708 vagamur„
1372 1624 1405 1694 ὅ
1448 1631 1628 1706 egon-ik
1677 1650 2027 1701 atumem,
2067 1624 2200 1684 Jac.
2246 1623 2285 1684 i.
2335 1627 2427 1700 17,
2471 1624 2554 1684 ita
2601 1625 2867 1683 immuta-

471 1702 608 1761 bilis
630 1702 803 1765 debet
822 1725 949 1765 esse
966 1707 1027 1764 in
1045 1708 1343 1765 voluntate
1371 1714 1429 1765 et
1456 1707 1517 1763 in
1546 1704 1806 1781 consili0,
1836 1704 1991 1782 quod
2016 1703 2191 1763 semel
2213 1704 2466 1781 positum
2495 1725 2601 1764 nec
2618 1702 2870 1764 rescindi

472 1802 579 1841 nec
596 1785 855 1843 revocari
876 1794 1051 1863 queat
1073 1808 1087 1862 ;
1130 1781 1275 1845 alias
1298 1786 1393 1843 vel
1412 1793 1732 1844 mutaretur
1748 1785 1808 1842 in
1827 1785 2048 1859 melius,
2074 1792 2135 1844 et
2155 1784 2238 1844 sic
2255 1804 2374 1844 non
2393 1794 2546 1844 esset
2568 1784 2872 1862 sapientis-

470 1861 669 1939 simus,
700 1864 797 1923 vel
822 1864 886 1923 in
911 1866 1097 1944 pejus,
1128 1874 1187 1925 et
1214 1866 1299 1925 sic
1325 1885 1441 1925 non
1470 1873 1624 1924 esset
1651 1864 1919 1942 optimus.
1966 1864 2263 1941 Scriptura
2289 1864 2461 1924 etiam
2483 1865 2636 1923 idem
2658 1865 2872 1942 passim

472 1944 775 2003 confirmat
835 1942 1308 2005 luculentissime.
1409 1945 1559 2003 Nam
1608 1944 1734 2003 sive
1789 1943 2020 2003 decreta
2061 1944 2124 2001 in
2161 1963 2371 2020 genere
2417 1945 2868 2020 considerentur,

474 2026 512 2058 ‘⁴
531 2024 849 2084 Consilium
894 2044 1087 2085 meum
1136 2024 1371 2101 stabit‚”
1415 2023 1604 2101 inquit
1659 2024 1962 2099 Dominus,
1995 2023 2111 2082 Isa.
2160 2024 2305 2083 xlvi.
2341 2026 2432 2100 10,
2479 2028 2515 2058 “
2533 2034 2592 2083 ct
2620 2023 2874 2101 implebo

472 2124 641 2163 omne
668 2104 1093 2182 beneplacitum
1120 2104 1369 2179 meum,'’
1398 2113 1457 2163 et
1495 2103 1729 2180 Paulae,
1755 2104 1924 2161 Rom.
1965 2103 2045 2162 ix.
2073 2106 2165 2179 19,
2200 2107 2236 2139 “
2253 2103 2558 2163 Voluntati
2585 2106 2712 2181 ejus
2740 2104 2872 2180 quis

472 2184 690 2244 resistit
707 2186 773 2244 ?’'
818 2184 943 2244 sive
984 2186 1046 2243 in
1093 2186 1283 2262 specie
1325 2184 1397 2242 de
1452 2183 1733 2243 electione
1775 2192 1997 2260 agatur,
2045 2184 2176 2260 quis
2219 2185 2405 2243 nescit
2451 2184 2647 2243 vocari
2695 2209 2877 2265 mem

470 2266 712 2342 θιμελιον,
730 2266 972 2342 firmum
1001 2268 1457 2341 fiandamentum,
1488 2263 1647 2340 quod
1684 2264 1844 2321 nulla
1891 2271 2014 2321 arte
2060 2263 2155 2322 vel
2181 2264 2386 2323 robore
2418 2264 2651 2323 Diaboli
2673 2264 2874 2323 subrui

472 2345 673 2421 possit,
719 2350 755 2402 2
785 2345 996 2404 Timet.
1045 2346 1105 2402 ii.
1142 2347 1233 2420 19,
1276 2350 1567 2419 αμπαθιτον
1592 2354 1792 2419 pavant,
1821 2342 2110 2401 consilium
2149 2344 2500 2419 immutabile,
2531 2343 2688 2420 quod
2715 2344 2876 2403 Deus

474 2423 701 2483 duabus
728 2424 917 2497 rebus,
946 2424 1009 2482 in
1034 2424 1246 2501 quibus
1272 2423 1628 2501 impossibile
1655 2430 1745 2481 est
1771 2442 1902 2481 eum
1919 2422 2166 2499 mentiri,
2190 2423 2370 2481 verbo
2391 2424 2613 2483 scilicet
2631 2431 2692 2482 et
2713 2424 2873 2500 jura·

474 2511 687 2579 mente,
720 2503 982 2578 sancivit,
1015 2504 1169 2562 Heb.
1200 2504 1281 2561 vi.
1309 2505 1401 2577 17,
1436 2505 1528 2573 18,
1558 2510 1618 2561 et
1647 2510 1859 2581 urg-own
1877 2502 2214 2575 nav-'mam’
2243 2506 2279 2536 “
2299 2504 2656 2581 propositum
2673 2524 2876 2563 secun·

474 2583 613 2641 dum
666 2583 1025 2659 electionem,
1069 2581 1226 2661 quod
1278 2582 1506 2641 firmum
1558 2584 1813 2657 manet,''
1873 2582 2041 2641 Rom.
2082 2583 2164 2640 ix.
2228 2586 2320 2641 11.
2407 2583 2491 2643 Ut
2516 2583 2710 2641 varias
2737 2584 2884 2642 alias

474 2663 714 2741 phrases
742 2662 1089 2740 omittamus,
1121 2662 1332 2741 quibus
1361 2662 1509 2721 solet
1535 2662 1803 2739 describi,
1853 2662 2094 2721 eandem
2122 2662 2647 2722 immutabilitatem
2675 2664 2881 2722 confir·

474 2750 716 2802 mantea.

558 2824 748 2883 XIX.
792 2824 997 2903 Neque
1045 2825 1139 2885 hic
1184 2824 1457 2885 audiendi
1506 2832 1660 2901 sunt,
1711 2824 1812 2902 qui
1859 2824 1957 2883 vel
1994 2824 2380 2901 paenitentiam
2419 2830 2479 2882 et
2521 2824 2882 2883 mutationem

476 2904 603 2963 Deo
632 2904 809 2963 tribui
838 2926 989 2982 saepe
1017 2908 1078 2964 in
1130 2906 1427 2984 Scriptura
1469 2912 1794 2980 causantur,
1841 2904 1939 2963 vel
1986 2904 2086 2981 qui
2131 2907 2356 2963 decreta
2383 2903 2649 2979 quaedam
2689 2904 2881 2963 condi-

475 2986 691 3044 tionata
717 2985 805 3043 illi
832 2986 1133 3065 affingunt.
1178 2987 1329 3045 Nam
1356 2994 1739 3064 praeterquam
1768 2984 1926 3062 quod
1953 2984 2158 3043 electio
2193 2992 2252 3042 et
2297 2982 2528 3042 vocatio
2557 2982 2726 3042 donis
2752 3008 2882 3059 αμα·

472 3081 767 3141 *spumeas
815 3065 1259 3125 annumeranda}
1308 3074 1445 3125 sunt
1492 3086 1566 3125 ex
1627 3066 1794 3124 Rom.
1837 3064 1919 3123 xi.
1967 3066 2064 3135 29,
2107 3071 2305 3122 notum
2353 3071 2444 3123 est
2487 3064 2878 3123 Poenitentiam

477 3145 605 3203 Deo
648 3145 877 3222 proprie
924 3164 1040 3202 non
1090 3154 1429 3223 competere,
1477 3145 1581 3203 sed
1633 3146 2018 3224 :regumn-aviis
2062 3152 2121 3202 et
2165 3143 2536 3219 metonymice,
2566 3163 2684 3201 non
2711 3142 2881 3203 affec-

474 3223 615 3297 tive,
646 3222 751 3281 sed
778 3220 1058 3296 effective,
1088 3233 1261 3299 prout
1280 3225 1640 3282 mutationem
1665 3244 1784 3282 non
1811 3224 2028 3282 consilii
2051 3223 2111 3280 in
2142 3223 2286 3297 De0,
2317 3221 2421 3281 sed
2449 3225 2636 3298 operis
2661 3224 2889 3295 etfacti

476 3310 643 3359 extra
672 3301 879 3373 Deum,
910 3320 1149 3377 eamque
1178 3323 1253 3361 ex
1281 3302 1522 3361 consilio
1556 3303 1666 3361 Dei
1693 3302 2006 3379 profectam
2035 3302 2290 3361 denotat.
2338 3300 2682 3361 Mutationes
2709 3302 2884 3361 etiam

476 3399 665 3438 rerum
696 3397 813 3436 non
842 3378 1095 3438 inferunt
1132 3380 1325 3439 statim
1370 3382 1730 3440 mutationem
1775 3383 2089 3458 voluntatis,
2120 3382 2259 3458 quia
2293 3382 2641 3441 mutationes
2666 3382 2784 3440 illae
2806 3382 2882 3440 ab

478 3458 605 3535 ipsa
628 3457 742 3516 Dei
768 3457 1046 3517 volitione
1075 3458 1421 3518 immutabili
1446 3469 1716 3519 manente
1763 3460 2034 3538 pendent.
2117 3460 2288 3537 Quod
2335 3461 2411 3519 ad
2439 3464 2663 3521 decreta
2690 3463 2882 3521 condi-

478 3538 732 3613 tionata3
776 3556 893 3596 non
921 3537 1236 3598 diffitemur
1260 3559 1353 3598 res
1393 3539 1549 3615 ipsas
1584 3541 1784 3599 volitas
1811 3548 1870 3599 et
1917 3543 2170 3599 decr-etas
2198 3541 2508 3618 aliquando
2535 3560 2663 3600 esse
2691 3542 2882 3601 condi-

477 3618 736 3694 tionata-3,
761 3637 891 3696 quse
918 3618 1150 3678 nonnisi
1189 3620 1299 3678 hac
1345 3619 1444 3678 vel
1470 3618 1573 3677 illa
1610 3619 1801 3697 posita
1827 3620 2156 3679 conditione
2181 3630 2426 3698 possunt
2471 3620 2696 3698 impleri
2722 3643 2737 3680 ε
2780 3620 2885 3679 sed

474 3697 813 3758 volitionem
842 3697 1026 3775 ipsam
1056 3718 1159 3758 seu
1185 3702 1466 3759 decretum
1486 3718 1658 3776 posse
1686 3699 1812 3759 dari
1838 3701 2272 3759 conditionatum
2292 3722 2333 3759 a
2363 3701 2560 3777 priori
2577 3708 2636 3759 et
2662 3710 2880 3761 antece-

476 3781 673 3839 denter
720 3786 1050 3838 constanter
1092 3786 1309 3857 negant
1352 3778 1679 3856 orthodoxi,
1729 3788 1789 3839 et
1837 3780 2254 3858 sapientissime
2288 3780 2512 3857 Synodi
2559 3780 2880 3839 Gallicanae

474 3878 591 3918 non
621 3859 801 3919 semel
838 3858 1226 3936 repudiarunt,
1282 3866 1349 3918 ut
1388 3859 1702 3936 sapientise,
1745 3860 2036 3937 potentiae,
2073 3868 2132 3919 et
2171 3859 2418 3920 bonitati
2464 3860 2678 3919 divinae
2727 3861 2878 3937 inju-

474 3938 642 3998 rium.
729 3939 875 3997 Vult
903 3940 1136 4015 quidem
1165 3947 1224 3999 et
1251 3939 1511 3999 decernit
1538 3940 1700 3999 Deus
1748 3938 1969 4017 aliquid
1995 3939 2348 4017 implendum
2379 3940 2488 3999 sub
2515 3940 2626 3998 hac
2653 3940 2751 3999 vel
2777 3941 2881 3998 illa

474 4019 823 4094 conditione,
869 4019 969 4077 sed
998 4020 1081 4078 ita
1128 4029 1193 4079 ut
1240 4019 1425 4096 ipsam
1454 4020 1841 4078 conditionem
1869 4020 2082 4097 pariter
2109 4020 2380 4079 decernat
2405 4020 2504 4079 vel
2531 4018 2754 4079 efficere
2781 4019 2879 4078 vel

472 4100 820 4177 permittere.
904 4099 1125 4158 Verum
1172 4106 1239 4158 ut
1286 4098 1440 4157 idem
1468 4100 1613 4158 velit
1641 4098 1861 4176 aliquid
1897 4107 1956 4159 et
1983 4099 2254 4159 decernat
2281 4100 2389 4159 sub
2417 4100 2746 4159 conditione
2775 4100 2878 4158 im-

472 4179 753 4256 possibili,
806 4187 865 4237 et
908 4198 1081 4256 quam
1116 4179 1282 4239 novit
1309 4178 1628 4239 certissime
1654 4198 1950 4255 nunquam
1977 4178 2246 4255 futuram,
2276 4199 2563 4257 quamque
2591 4180 2715 4257 ipse
2743 4198 2880 4238 con-

476 4258 663 4317 stituit
690 4279 805 4317 non
835 4258 988 4334 dare,
1020 4262 1120 4337 qui
1150 4259 1309 4321 solus
1357 4260 1493 4319 dare
1536 4267 1745 4340 potest,
1776 4260 1951 4336 longe
1979 4260 2212 4320 videtur
2237 4260 2312 4318 ab
2340 4261 2470 4338 eJus
2497 4260 2778 4339 sapientia
2821 4268 2880 4319 et

476 4336 745 4396 Potentia
771 4339 1037 4401 alienum.

1076 4422 1230 4481 XX.
1275 4426 1332 4482 2.
1378 4420 1804 4499 Argumentum
1833 4419 2163 4497 suppeditat
2201 4418 2370 4480 nobis
2394 4419 2634 4495 foederis
2675 4418 2882 4495 qratiae

470 4472 517 4519 ²⁵
532 4474 949 4578 ιῗέξιὲξζξῗῇζω
990 4503 1289 4561 aeternitas.
1334 4502 1484 4560 Nam
1505 4521 1636 4560 cum
1665 4500 1854 4559 foedus
1881 4499 2036 4559 istud
2053 4518 2268 4559 novum
2287 4518 2404 4557 non
2422 4498 2688 4559 debuerit
2715 4498 2880 4559 abro-

484 4622 495 4627 -
998 4581 1121 4656 gari
1144 4581 1219 4639 ad
1245 4582 1427 4640 instar
1448 4580 1672 4658 prioris,
1703 4579 1860 4658 quod
1885 4580 2101 4639 tabulis
2127 4578 2374 4658 lapideis
2401 4579 2646 4638 incisum
2673 4578 2876 4653 fuerat,

471 4655 577 4716 sed
597 4664 873 4716 aeternum
900 4658 1107 4719 debeat
1136 4680 1261 4719 esse
1290 4668 1347 4719 et
1374 4660 1749 4735 immutabile,
1779 4679 1853 4719 ex
1881 4659 2257 4737 promissione
2287 4659 2516 4737 celebri,
2537 4659 2582 4721 J
2583 4678 2662 4719 er.
2693 4655 2883 4717 xxxii.
