3234 5192
526 337 644 396 428
1068 352 1147 392 ns
1176 349 1656 392 sarrsucrroms
1683 349 1928 390 cnarsrr
1956 347 2374 390 necessrium.
2539 327 2804 410 [msru'r.
2836 349 2942 394 ΧΠ.

524 491 741 552 Christi
762 491 1227 566 satisfactionem,
1260 491 1375 550 imo
1417 499 1617 550 contra
1658 491 1795 568 quia
1835 490 2132 567 diligebat,
2177 489 2366 550 voluit
2409 489 2522 550 sibi
2570 489 2839 548 satisfieri
2880 499 2946 550 ut

522 571 820 632 eharitatis
848 572 909 630 in
936 592 1042 631 nos
1072 592 1191 631 suae
1220 572 1425 632 effecta
1450 570 1772 630 diffundere
1799 579 1996 648 posset
2023 571 2242 648 absque
2269 570 2606 648 praejudicio
2630 570 2894 647 justitiae.

605 653 891 712 XXXV.
978 653 1279 712 Hactenus
1307 654 1419 710 duo
1430 655 1816 726 fimdamenta
1837 652 2200 714 excussimus
2219 649 2699 724 adversariorum,
2731 650 2944 727 quibus

522 732 735 810 dogma
761 733 889 791 hoc·
900 741 1161 792 nostrum
1190 732 1262 790 de
1310 730 1704 806 satisfactionis
1743 732 2061 790 necessitate
2103 739 2227 792 tum
2254 739 2477 790 naturae
2505 739 2630 790 tum
2657 729 2948 789 voluntati

522 812 737 872 divinae
763 811 1041 890 refragari
1067 813 1310 890 probare
1328 813 1673 889 satagebant
1695 833 1709 886 ;
1757 821 2018 888 superest
2043 812 2290 870 Tertium
2317 831 2434 887 quo
2462 810 2575 888 ipsi
2604 809 2778 868 etiam
2804 812 2944 869 Jus-

522 894 656 951 titiae
681 912 1004 970 repuynare
1026 893 1289 951 evincere
1318 901 1599 951 conantur
1622 914 1637 968 ;
1671 893 1750 951 Et
1776 891 2010 969 quidem
2031 892 2142 950 hoc
2168 890 2532 968 potissimum
2561 901 2902 966 argumento
2926 913 2944 951 ε

523 972 673 1048 Quia
698 972 861 1032 nulla
888 971 1018 1048 lege
1047 971 1143 1032 vel
1170 971 1585 1034 consuetudine
1630 991 1882 1049 unquam
1925 980 2216 1049 receptum
2246 980 2352 1046 est,
2381 971 2500 1029 imo
2529 989 2800 1048 expresse
2831 970 2947 1029 Dei

520 1052 701 1110 verbo
729 1052 975 1112 vetitum
1002 1061 1069 1111 ut
1095 1071 1245 1111 unus
1275 1073 1377 1130 pro
1398 1051 1579 1112 altero
1602 1052 1987 1112 substituatur
2005 1061 2064 1112 et
2084 1052 2211 1110 vice
2234 1051 2359 1129 ejus
2379 1071 2447 1109 ac
2474 1051 2604 1110 loco
2631 1050 2946 1110 moriatur:

524 1132 585 1190 in
608 1131 805 1191 Verbo
830 1132 945 1190 duo
966 1131 1095 1191 loca
1116 1131 1355 1192 laudant
1376 1151 1506 1210 quae
1536 1139 1731 1209 aperte
1760 1132 2024 1209 idipsum
2045 1151 2300 1190 asserere
2329 1130 2640 1190 videntur:
2689 1133 2741 1188 1.
2767 1126 2943 1190 Deut.

522 1211 689 1270 xxiv.
724 1214 815 1287 16,
837 1212 939 1270 ubi
968 1219 1127 1272 vetat
1157 1212 1318 1271 Deus
1344 1216 1378 1245 “
1399 1233 1473 1272 ne
1496 1221 1678 1272 morte
1699 1211 2021 1272 afficiantur
2047 1219 2239 1289 patres
2265 1229 2368 1290 pro
2397 1210 2550 1285 filiis,
2582 1209 2677 1268 vel
2705 1209 2810 1268 filii
2837 1230 2943 1288 pro

522 1292 800 1371 patribus,
834 1291 937 1352 sed
980 1293 1223 1370 quisque
1269 1292 1344 1351 ob
1388 1301 1690 1371 peccatum
1735 1311 1902 1350 suum
1948 1299 2130 1351 morte
2157 1290 2437 1350 afficiatur
2461 1294 2510 1348 :”
2543 1311 2614 1348 ne
2643 1310 2781 1348 vero
2809 1291 2941 1366 quis

522 1381 750 1450 regerat
780 1372 971 1432 Deum
1016 1372 1348 1431 hominibus
1392 1372 1496 1430 sed
1540 1392 1658 1430 non
1703 1371 1814 1432 sibi
1857 1373 2008 1430 hanc
2049 1372 2240 1448 legem
2283 1370 2561 1448 posuisse,
2593 1371 2841 1448 probant
2867 1389 2942 1428 ex

524 1453 735 1512 Ezech.
766 1453 931 1512 xviii.
962 1456 1018 1528 4,
1050 1455 1145 1526 20,
1176 1452 1239 1511 id
1264 1451 1439 1511 etiam
1473 1452 1628 1529 apud
1669 1472 1732 1511 se
1773 1452 2060 1526 statuisse,
2109 1455 2144 1484 ‘⁴
2169 1450 2384 1509 Anima
2437 1471 2566 1528 quse
2615 1449 2945 1527 peccaverit

522 1532 649 1610 ipsa
676 1532 967 1608 morietur,
998 1531 1154 1591 filius
1180 1551 1297 1591 non
1325 1529 1579 1609 portabit
1622 1532 1986 1610 iniquitatem
2027 1531 2266 1610 patris,’'
2297 1528 2406 1589 &e.
2489 1531 2652 1589 Inter
2677 1531 2944 1588 homines

522 1621 716 1672 autem
738 1613 905 1672 istius
934 1611 1363 1672 substitutionis
1388 1632 1497 1670 nec
1527 1613 1748 1688 Legem
1775 1631 1882 1671 nec
1902 1611 2230 1688 exemplum
2259 1629 2556 1670 occurrere
2583 1610 2938 1683 existimant,

520 1689 639 1752 imo
668 1699 727 1750 et
753 1691 1157 1769 fidejussiones
1184 1691 1291 1752 sub
1319 1711 1491 1768 poena
1512 1691 1746 1768 capitali
1767 1712 1803 1750 a
1825 1692 2104 1752 Romanis
2126 1711 2255 1750 esse
2274 1691 2644 1750 interdictas:
2685 1696 2746 1747 et
2771 1690 2942 1748 varia

522 1791 649 1830 esse
678 1791 807 1848 quae
836 1771 1183 1830 eontrarium
1210 1771 1492 1848 probent3
1537 1780 1714 1848 atque
1754 1771 1868 1830 huc
1902 1771 2188 1848 pertinere
2215 1771 2378 1830 aiunt
2405 1770 2560 1847 quod
2585 1769 2666 1828 ait
2695 1769 2940 1844 Seneca,

525 1853 562 1884 ‘⁴
582 1850 730 1909 nihil
757 1850 1013 1929 iniquius
1048 1870 1221 1927 quam
1270 1851 1521 1928 aliquem
1566 1851 1792 1928 paterni
1820 1851 1940 1910 odii
1973 1851 2256 1910 haeredem
2287 1851 2410 1910 fieri
2430 1851 2480 1926 ;''
2515 1851 2597 1910 sic
2623 1869 2754 1909 eum
2781 1850 2944 1926 apud

523 1930 915 1990 Athenienses
964 1931 1223 2008 Lycurgi
1269 1931 1437 1990 liberi
1484 1931 1562 1990 ad
1613 1950 1815 2008 poenas
1869 1931 2316 2008 deposcerentur
2361 1938 2596 2008 propter
2637 1938 2941 2007 paternum

522 2010 739 2072 crimen
767 2031 887 2070 rem
916 2010 1355 2089 injustissimam
1400 2011 1782 2070 Demostheni
1819 2011 2004 2070 visam
2031 2033 2045 2071 ε
2091 2011 2170 2070 Et
2209 2030 2342 2070 cum
2383 2011 2614 2088 optimae
2653 2010 2793 2087 reip.
2823 2010 2939 2068 for-

522 2111 677 2150 mam
705 2099 763 2150 et
790 2091 978 2150 ideam
1009 2111 1389 2170 expressurus
1416 2099 1570 2153 esset
1620 2090 1789 2151 Plato
1838 2092 1988 2150 hanc
2033 2091 2225 2170 legem
2269 2111 2386 2150 non
2431 2091 2694 2150 omisisse
2721 2091 2792 2148 de
2819 2110 2940 2148 non

521 2171 933 2232 transferendis
962 2171 1022 2230 in
1050 2171 1263 2232 liberos
1312 2180 1678 2250 paternorum
1707 2171 2011 2231 criminum
2056 2171 2259 2248 poenis,
2305 2171 2407 2230 lib.
2436 2170 2518 2230 ix.
2549 2170 2622 2229 de
2668 2170 2896 2247 legibus
2923 2194 2938 2230 :

523 2251 693 2326 Quod
720 2252 771 2311 si
798 2253 929 2330 quis
958 2252 1212 2328 excipiat
1239 2252 1706 2312 substitutionem
1751 2252 1902 2310 hanc
1946 2259 2005 2311 et
2046 2252 2525 2328 permutationem
2573 2251 2700 2310 fieri
2727 2251 2938 2328 saepius

519 2331 582 2388 in
610 2332 806 2390 debito
826 2331 1171 2408 pecuniario,
1193 2331 1543 2409 respondent
1560 2332 1731 2409 plane
1750 2331 2040 2391 diversam
2062 2351 2190 2390 esse
2211 2331 2508 2405 rationem,
2531 2331 2668 2408 quia
2694 2331 2940 2408 pecunia

520 2410 695 2470 unius
722 2411 959 2468 alterius
986 2409 1135 2469 effici
1160 2419 1368 2487 potest,
1400 2419 1574 2488 atque
1602 2411 1735 2471 ideo
1761 2431 1866 2488 pro
1895 2412 2009 2470 alio
2037 2411 2228 2470 soluta
2255 2412 2449 2471 brevis
2475 2431 2681 2471 manus
2707 2411 2940 2470 fictione

520 2490 753 2549 videtur
780 2488 993 2548 donata
1021 2488 1285 2565 debitori,
1315 2510 1383 2549 ac
1425 2489 1635 2549 deinde
1676 2490 1750 2549 ab
1791 2491 1918 2568 ipso
1945 2499 2246 2552 numerata
2271 2514 2285 2551 ε
2328 2499 2388 2550 at
2429 2511 2584 2549 mors
2611 2491 2783 2550 unius
2812 2491 2938 2552 sive

522 2569 836 2648 corporalis
864 2589 1222 2648 quaecunque
1251 2570 1486 2629 vexatio
1513 2570 1753 2630 alterius
1775 2570 1923 2630 effici
1949 2591 2067 2632 non
2093 2579 2286 2650 potest
2310 2594 2324 2630 ε
2369 2572 2670 2632 Postremo
2698 2591 2937 2648 gravem

520 2649 792 2727 injuriam
838 2647 965 2708 fieri
992 2649 1036 2710 J
1038 2649 1252 2710 ustitiae
1300 2650 1515 2710 divinae
1564 2651 1832 2727 clamant,
1865 2652 2023 2729 quod
2069 2671 2392 2711 asseramus
2419 2672 2548 2712 eam
2595 2652 2940 2712 nocentibus

520 2729 777 2788 dimissis
805 2730 904 2807 qui
932 2729 1124 2808 puniri
1150 2738 1416 2808 poterant
1442 2738 1501 2790 et
1522 2729 1828 2807 debebant,
1853 2731 2058 2791 saevire
2081 2732 2334 2791 voluisse
2357 2732 2416 2790 in
2445 2732 2808 2792 innocentem
2836 2731 2940 2808 qui

520 2810 666 2869 nihil
695 2811 811 2869 tale
840 2809 1183 2885 merebatur,
1220 2811 1411 2871 Socin.
1440 2811 1541 2870 lib.
1570 2810 1654 2870 iii.
1685 2832 1736 2870 e.
1769 2815 1823 2886 3,
1857 2812 2117 2872 Praelect.
2149 2834 2200 2872 c.
2224 2814 2316 2870 18.

603 2889 923 2951 XXXVI.
970 2891 1055 2950 Ut
1082 2891 1229 2951 ratio
1256 2891 1381 2953 haec
1407 2899 1700 2970 postrema
1719 2892 1995 2968 solvatur,
2027 2911 2358 2952 succurrere
2385 2891 2555 2951 nobis
2581 2891 2756 2952 debet
2781 2891 2940 2969 quod

518 2979 691 3030 antea
717 2971 1062 3047 monuimus,
1084 2972 1371 3050 justitiam
1420 2973 1656 3048 quidem
1700 2972 1935 3049 exigere
1978 2972 2303 3032 necessario
2345 2980 2412 3032 ut
2441 2981 2740 3049 peccatum
2766 2992 2936 3032 omne

519 3053 806 3128 puniatur,
838 3051 943 3110 sed
984 3071 1103 3112 non
1150 3053 1291 3112 item
1332 3061 1734 3130 peecatorem:
1776 3052 1858 3111 ita
1902 3062 1966 3111 ut
2005 3052 2312 3112 essentiale
2340 3051 2575 3129 quidem
2603 3053 2680 3111 sit
2705 3071 2936 3130 posnam

518 3129 707 3208 infligi
734 3132 809 3189 ob
836 3141 1153 3209 peecatum,
1184 3139 1245 3190 at
1272 3151 1387 3190 non
1415 3133 1631 3210 pariter
1654 3141 1720 3192 ut
1748 3132 2044 3210 infligatur
2069 3133 2126 3194 ei
2161 3133 2264 3210 qui
2289 3132 2568 3210 peccavit,
2597 3141 2771 3209 atque
2799 3132 2936 3192 hinc

518 3209 589 3268 fit
614 3218 681 3268 ut
704 3209 949 3287 justitiae
979 3210 1193 3268 divinae
1214 3210 1662 3288 haudquaquam
1683 3221 1968 3289 repugnet
1987 3212 2160 3271 unius
2181 3213 2242 3271 in
2263 3212 2500 3272 alterius
2525 3212 2716 3272 locum
2741 3213 2940 3272 subro-

520 3289 714 3364 gatio;
762 3288 931 3362 Quod
953 3288 1091 3346 dum
1118 3289 1483 3352 adversarius
1511 3291 1595 3350 ita
1633 3291 1933 3368 praefracte
1973 3301 2188 3370 negat;
2235 3292 2606 3370 Legibusque
2635 3291 2850 3352 divinis
2877 3301 2938 3352 et

521 3366 791 3425 humanis
817 3366 1114 3426 adversari
1142 3369 1454 3444 contendit,
1485 3370 1584 3428 vel
1611 3370 1900 3430 inscitiam
1919 3371 2017 3430 vel
2035 3373 2416 3449 pervicaciam
2447 3392 2610 3431 suam
2639 3373 2778 3432 satis
2807 3392 2937 3449 pro·

520 3445 646 3522 dit;
692 3445 842 3504 Nam
870 3453 936 3505 ut
962 3445 1107 3505 nihil
1126 3447 1251 3523 jam
1279 3447 1539 3507 dicamus
1567 3447 1640 3508 de
1683 3449 1895 3510 debitis
1941 3453 2286 3528 pecuniariis
2327 3452 2387 3510 in
2415 3453 2626 3530 quibus
2653 3452 2798 3510 nihil
2827 3451 2938 3510 fre·

520 3525 791 3603 quentius
820 3526 1069 3585 occurrit
1095 3527 1423 3586 istiusmodi
1450 3529 1860 3589 substitutione
1887 3531 1988 3590 ubi
2027 3534 2340 3610 subrogato
2369 3551 2646 3610 sponsore
2673 3552 2790 3591 non
2817 3552 2938 3590 am-

522 3605 676 3685 plius
724 3627 761 3666 a
794 3605 1077 3746 (primario
1123 3606 1382 3666 debitore
1428 3608 1640 3668 solutio
1686 3610 1955 3688 exigitur,
2001 3621 2222 3672 eertum
2269 3632 2398 3672 esse
2445 3612 2620 3672 debet
2661 3619 2722 3671 et
2768 3621 2938 3672 extra

524 3707 751 3747 omnem
836 3686 1171 3747 ubitationis
1216 3688 1401 3746 aleam
1448 3689 1700 3766 positum
1751 3711 1856 3750 nec
1903 3693 2080 3750 verbo
2129 3691 2240 3751 Dei
2284 3712 2623 3769 repugnare,
2653 3711 2762 3750 nec
2789 3692 2941 3752 inter

522 3776 727 3846 gentes
755 3767 1076 3827 inauditum
1105 3787 1233 3827 esse
1260 3776 1325 3827 ut
1352 3769 1499 3828 alter
1523 3771 1746 3846 peccati
1768 3771 2005 3832 alterius
2044 3791 2274 3850 poenam
2303 3771 2465 3846 ferat,
2490 3780 2550 3832 et
2577 3773 2627 3830 si
2656 3773 2784 3832 Lex
2813 3773 2942 3849 ipsa

519 3847 582 3907 id
610 3867 725 3908 non
756 3847 1003 3922 doceret,
1036 3847 1097 3906 in
1143 3868 1259 3925 qua
1300 3856 1495 3908 tamen
1536 3851 1837 3928 profitetur
1882 3851 2044 3911 Deus
2087 3871 2359 3929 expresse
2405 3871 2466 3912 se
2512 3852 2938 3912 “visitaturum

518 3926 853 4006 iniquitates
880 3938 1183 4005 parentum
1209 3927 1271 3986 in
1311 3928 1479 4004 filios,
1512 3930 1702 3990 Exod.
1733 3952 1834 3990 xx.
1868 3934 1921 4006 5,
1955 3931 2094 3990 satis
2135 3939 2326 3990 tamen
2376 3932 2644 4009 exempla
2687 3933 2850 3991 varia
2877 3931 2940 3992 id

521 4009 977 4085 comprobarent.
1024 4007 1171 4066 Nam
1200 4016 1265 4068 ut
1293 4008 1365 4067 de
1392 4019 1630 4086 peccato
1660 4010 1876 4068 Adami
1903 4011 2047 4070 nihil
2083 4011 2344 4070 dicamus
2373 4012 2529 4088 quod
2557 4013 2802 4091 posteris
2831 4013 2938 4070 im-

521 4087 711 4167 putari
740 4095 797 4147 et
826 4087 885 4146 in
916 4089 987 4146 iis
1012 4087 1189 4165 plecti
1218 4089 1387 4148 docet
1408 4109 1524 4148 non
1548 4091 1730 4149 semel
1753 4091 2066 4168 Scriptura,
2091 4091 2204 4150 alia
2233 4100 2369 4151 sunt
2395 4093 2663 4169 exempla
2688 4091 2940 4169 plurima

521 4187 651 4245 quae
679 4167 741 4226 id
770 4168 1109 4228 confirmant
1133 4191 1146 4244 ;
1192 4168 1275 4228 sic
1322 4169 1398 4230 ob
1447 4169 1661 4229 factum
1712 4171 1917 4230 Chami
1963 4171 2316 4231 execrationi
2351 4171 2655 4249 subjicitur
2683 4171 2934 4247 canaan,

520 4249 670 4308 Gen.
722 4248 802 4307 ix.
834 4251 929 4324 25,
961 4248 1036 4308 ob
1080 4247 1291 4308 factum
1339 4247 1601 4308 Achanis
1629 4249 1735 4308 filii
1780 4249 2113 4328 puniuntur,
2161 4251 2204 4311 J
2209 4272 2292 4311 οε.
2337 4252 2439 4315 vii.
2487 4255 2582 4328 24,
2614 4253 2690 4311 ob
2717 4252 2938 4311 factum

525 4327 716 4388 Saulis
746 4328 1175 4406 suspenduntur
1201 4329 1307 4388 filii
1336 4337 1395 4388 et
1421 4339 1661 4407 nepotes
1683 4332 1812 4407 ejus
1835 4330 1962 4390 Deo
1989 4331 2362 4409 approbante,
2394 4335 2430 4390 2
2455 4331 2609 4392 Sam.
2629 4333 2753 4390 xxi.
2777 4335 2834 4408 8,
2859 4332 2939 4391 ob

520 4406 735 4466 factum
768 4407 1013 4468 Davidis
1039 4417 1282 4486 pereunt
1310 4411 1678 4487 septuaginta
1703 4409 2000 4471 hominum
2029 4411 2228 4487 millia,
2254 4416 2290 4470 2
2326 4411 2480 4470 Sam.
2511 4412 2674 4470 xxiv.
2712 4415 2802 4488 15,
2839 4415 2935 4488 17,

521 4485 605 4544 sic
633 4485 677 4546 J
680 4505 757 4543 er.
788 4487 847 4544 in
876 4488 1087 4546 Thren.
1118 4509 1175 4548 v.
1208 4493 1261 4565 7,
1298 4491 1331 4524 “
1359 4490 1559 4549 Patres
1588 4491 1770 4550 nostri
1793 4501 2104 4568 peccarunt
2125 4500 2184 4551 et
2209 4512 2318 4552 nos
2345 4511 2546 4570 poenas
2575 4513 2772 4552 eorum
2801 4492 2940 4571 feri-¹

517 4564 706 4624 mus.’'
792 4565 921 4624 Imo
948 4565 1009 4624 in
1037 4566 1110 4626 N.
1140 4569 1208 4627 T.
1254 4568 1515 4645 ejusdem
1561 4570 2008 4649 dispensationis
2051 4572 2274 4632 illustre
2319 4581 2480 4632 extat
2525 4572 2942 4634 documentum

522 4643 731 4703 Matth.
762 4643 927 4702 xxiii.
952 4647 1047 4719 35,
1070 4647 1171 4706 ubi
1193 4649 1236 4706 J
1240 4647 1421 4707 udaeis
1439 4649 1840 4710 interminatur
1863 4651 2126 4710 Christus
2141 4671 2344 4729 poenas
2362 4671 2558 4712 eorum
2589 4653 2934 4712 delictorum
