3234 5192
528 376 646 434 694
1048 393 1125 433 Da
1155 392 1633 435 samsmcrxoms
1661 364 1897 435 camsi-1
1928 392 2352 435 Psnrrzc‘nosa.
2465 372 2726 455 [ms-rur.
2757 395 2942 437 xxm.

524 554 629 613 pro
656 534 887 594 nomine
916 534 1150 595 Christi.
1195 536 1351 594 Dum
1378 556 1520 615 ergo
1548 556 1655 597 suo
1685 546 1938 615 tempore
1961 544 2021 595 et
2063 534 2248 613 gradu
2277 534 2390 594 ista
2416 536 2744 595 executioni
2769 556 2936 595 man-

525 614 751 690 dantur,
774 623 931 675 recte
958 614 1186 693 impleri
1213 615 1485 677 dicuntur
1510 617 1571 674 in
1612 620 1873 677 societate
1901 622 2182 692 fratrum,
2213 615 2292 674 id.
2323 616 2384 672 in
2431 635 2666 693 corpore
2695 615 2932 692 Christi,

522 695 651 755 istae
680 696 995 773 passiones.
1040 696 1163 755 Nec
1191 696 1350 755 aliud
1377 698 1489 757 sibi
1516 698 1646 757 vult
1675 699 1891 756 Paulus
1911 698 2023 756 hoc
2049 697 2196 771 1000,
2227 715 2359 755 cum
2381 695 2522 755 dicit
2549 716 2610 755 se
2641 696 2938 773 “implere

522 775 798 854 reliquias
842 776 1176 853 passionum
1223 776 1493 853 Christi,'’
1520 797 1694 855 quam
1741 797 1802 837 se
1846 786 2068 855 partem
2111 777 2284 835 etiam
2330 775 2518 835 crucis
2546 776 2759 835 Christi
2801 796 2936 853 quse

524 855 639 934 ipsi
666 856 741 913 ad
768 856 1065 915 ferendum
1111 864 1235 915 erat
1260 857 1529 935 imposita
1576 858 1842 917 alacriter
1867 866 2112 935 gestare.
2197 856 2439 915 Interim
2465 856 2604 915 licet
2629 856 2936 933 utrobique

528 944 587 995 et
614 956 649 993 a
676 936 906 995 Christo
951 944 1009 995 et
1036 956 1073 993 a
1114 936 1283 995 nobis
1329 937 1630 1016 passiones
1679 937 1796 996 sint
1847 936 2115 1011 ferendae,
2163 936 2536 995 memorabile
2564 944 2756 996 tamen
2783 936 2936 996 inter

526 1023 799 1093 utrasque
828 1016 1136 1074 discrimen
1165 1024 1253 1075 est
1281 1016 1731 1093 agnoscendum.
1815 1017 1966 1077 Nam
1996 1016 2210 1077 Christi
2245 1015 2546 1094 passiones
2573 1016 2932 1094 gravissimae

527 1096 759 1156 fuerunt
781 1104 839 1154 et
865 1095 1027 1154 nulla
1054 1096 1341 1155 suavitate
1370 1106 1718 1174 temperatae,
1751 1098 1890 1175 quia
1915 1106 2098 1157 totam
2135 1096 2246 1155 Dei
2273 1096 2736 1156 maledictionem
2762 1097 2934 1156 nobis

530 1176 786 1236 debitam
812 1175 959 1235 ferre
987 1175 1205 1251 debuit,
1236 1184 1296 1236 et
1322 1176 1398 1235 ad
1424 1176 1595 1237 faeces
1623 1198 1808 1255 usque
1831 1178 2070 1238 calicem
2098 1177 2274 1236 istum
2295 1177 2546 1236 ebibere.
2589 1176 2676 1236 At
2701 1186 2932 1252 nostrae,

530 1257 759 1316 sublata
779 1257 903 1335 jam
925 1276 1027 1334 per
1048 1256 1341 1317 Christum
1365 1258 1475 1316 Dei
1492 1258 1916 1334 maledictione,
1937 1266 2268 1336 temperatas
2289 1256 2436 1315 flunt
2455 1265 2514 1315 et
2529 1257 2692 1317 leves
2721 1257 2938 1317 Christi

531 1338 734 1415 gratia,
765 1345 831 1396 ut
859 1336 1181 1415 gustandus
1210 1338 1443 1415 quidem
1478 1338 1553 1397 sit
1580 1340 1705 1417 ipse
1754 1339 1926 1415 calix,
1957 1336 2061 1398 sed
2103 1358 2220 1395 non
2247 1336 2585 1413 ebibendus,
2616 1346 2676 1397 et
2701 1336 2942 1396 ferenda

533 1418 649 1476 sint
693 1419 861 1493 mala,
894 1416 997 1477 sed
1036 1417 1341 1477 benedicta
1368 1438 1499 1479 cum
1530 1418 1800 1479 Christo:
1843 1420 1974 1478 illas
2020 1418 2178 1496 prior
2220 1418 2366 1477 ferre
2421 1417 2625 1477 debuit
2673 1418 2938 1477 Christus

529 1497 606 1556 ad
648 1498 1100 1576 redemptionem
1148 1507 1420 1573 nostram,
1451 1498 1605 1557 unde
1649 1519 1768 1557 non
1810 1499 1960 1557 male
2005 1500 2354 1578 πςοπςιίμιτα
2385 1516 2484 1556 cas
2531 1497 2750 1557 dixeris
2773 1518 2788 1573 ς
2833 1496 2940 1557 sed

526 1577 670 1636 istas
713 1586 844 1654 post
882 1578 1071 1654 ipsum
1114 1578 1305 1637 subire
1344 1578 1619 1637 debemus
1638 1578 1714 1636 ad
1741 1577 2274 1652 sanctificationem,
2305 1576 2436 1635 ideo
2478 1577 2626 1635 bene
2665 1579 2940 1658 ὖητςιίμα-

525 1680 595 1714 τιι
624 1676 722 1715 eas
752 1656 970 1715 Paulus
998 1664 1187 1715 vocat.
1250 1658 1375 1715 Nec
1416 1656 1735 1715 omittenda
1762 1665 1851 1715 est
1875 1658 1970 1715 vis
1997 1657 2224 1733 phrasis
2252 1656 2626 1732 Apostolicae,
2659 1676 2788 1714 cum
2818 1676 2940 1718 non

527 1743 751 1793 tantum
781 1736 920 1794 dicit
950 1754 1011 1793 se
1038 1734 1293 1811 implere,
1326 1735 1431 1794 sed
1455 1741 1872 1814 ἇηαναπληςοῢν,
1904 1735 1982 1793 id.
2031 1735 2266 1793 vids-sim
2307 1735 2552 1809 implere,
2585 1735 2742 1811 quod
2785 1737 2939 1794 rela—

526 1814 742 1873 tionem
772 1814 1061 1891 quandam
1091 1824 1150 1873 et
1177 1815 1742 1892 correspondentiam
1785 1822 1985 1889 notat3
2030 1832 2147 1871 non
2189 1820 2410 1871 tantum
2453 1832 2586 1871 cum
2613 1814 2838 1872 caeteris
2865 1815 2938 1872 fi-

526 1892 771 1969 delibus,
804 1894 903 1972 qui
931 1894 1105 1952 etiam
1132 1913 1236 1971 pro
1264 1903 1425 1971 parte
1466 1912 1571 1953 sua
1625 1894 1917 1957 debebant
1947 1892 2132 1953 eidem
2175 1894 2332 1951 cruci
2377 1892 2603 1969 subjici,
2629 1894 2733 1952 sed
2759 1894 2940 1954 etiam

528 1993 659 2049 cum
687 1974 814 2051 ipso
844 1974 1091 2049 Christo,
1120 1982 1187 2034 ut
1213 1973 1406 2052 passio
1433 1974 1679 2033 membri
1708 1974 2057 2053 respondeat
2081 1972 2334 2051 passioni
2363 1972 2617 2050 Capitis;
2661 1974 2936 2035 nimirum

528 2061 594 2114 ut
624 2053 887 2114 Christus
914 2075 1017 2133 pro
1048 2055 1217 2113 Pauli
1246 2054 1430 2115 salute
1460 2074 1716 2114 summos
1743 2055 1804 2113 in
1834 2074 2001 2115 cruce
2029 2054 2259 2113 dolores
2301 2054 2600 2132 ipsamque
2627 2054 2778 2133 legis
2807 2074 2930 2115 ma-

528 2134 897 2195 ledictionem
926 2136 1255 2213 pertulerat,
1286 2136 1369 2195 ita
1398 2134 1615 2195 Paulus
1643 2136 1901 2195 vicissim
1932 2155 2034 2212 pro
2065 2134 2279 2194 Christi
2307 2134 2494 2212 gloria
2521 2143 2581 2194 et
2609 2135 2934 2213 Evangelio

528 2235 707 2293 grave
736 2225 1025 2277 certamen
1054 2217 1335 2276 sustinere
1364 2215 1646 2293 debebat3
1691 2218 1752 2274 in
1781 2237 1896 2293 quo
1937 2217 2236 2293 utriusque
2263 2216 2496 2275 fuerunt
2522 2214 2785 2292 quaedam
2815 2236 2933 2276 suae

527 2297 712 2354 veluti
739 2297 895 2370 vices,
926 2296 1064 2355 licet
1091 2297 1205 2354 alio
1234 2307 1406 2373 atque
1428 2296 1543 2354 alio
1570 2296 1686 2355 fine
1715 2296 1848 2371 sint,
1877 2304 1944 2355 ut
1965 2297 2208 2373 jamjam
2238 2295 2546 2354 dicemus.-

608 2375 757 2433 VII.
802 2376 1015 2450 Tertio,
1049 2376 1126 2433 Et
1154 2374 1299 2432 illud
1326 2374 1662 2448 notandum,
1695 2375 2058 2433 Afflictiones
2085 2395 2216 2452 quae
2243 2394 2278 2433 a
2307 2375 2538 2433 Christo
2565 2376 2937 2452 imponuntur

527 2452 814 2527 fidelibus,
846 2453 955 2511 etsi
983 2472 1089 2511 nec
1110 2452 1546 2528 Redemptionis
1566 2472 1675 2510 nec
1697 2453 2119 2511 Satisfactionis
2147 2453 2322 2511 finem
2348 2454 2530 2513 ullum
2560 2455 2774 2515 habere
2801 2476 2934 2534 pos-

528 2532 660 2606 sint,
692 2530 903 2589 habere
933 2539 1125 2589 tamen
1152 2531 1297 2589 alios
1324 2531 1603 2607 plurimos
1632 2531 1732 2608 qui
1781 2550 1896 2589 non
1945 2540 2170 2590 tantum
2197 2530 2467 2590 fidelibus
2496 2533 2637 2609 ipsis
2663 2536 2932 2610 patienti·

526 2610 638 2670 bus
664 2618 923 2689 prosunt,
956 2609 1059 2669 sed
1102 2610 1233 2669 aliis
1274 2610 1463 2685 etiam,
1495 2610 1611 2668 imo
1658 2611 1765 2669 toti
1807 2610 2103 2686 Ecclesiae‚
2151 2610 2276 2669 sive
2320 2611 2396 2668 ad
2439 2612 2934 2675 confirmationem

524 2689 679 2767 fidei,
709 2690 835 2749 sive
863 2690 939 2749 ad
966 2690 1294 2768 exemplum
1322 2690 1634 2768 patientiae,
1667 2691 1790 2749 sive
1831 2689 1907 2749 ad
1935 2691 2212 2767 majorem
2253 2690 2563 2768 Evangelii
2590 2692 2933 2767 profectum.

527 2769 684 2831 Istos
714 2772 867 2830 enim
895 2792 971 2831 ex
998 2770 1114 2830 illis
1140 2770 1364 2830 fructus
1392 2770 1529 2829 oriri
1578 2771 1796 2830 Paulus
1839 2791 1957 2831 non
1989 2771 2168 2830 semel
2193 2777 2454 2847 testatur,
2486 2778 2552 2830 ut
2583 2771 2732 2830 Phil.
2762 2772 2800 2831 i.
2835 2777 2930 2851 12,

534 2854 627 2929 13,
650 2853 741 2927 14,
772 2852 1009 2912 vincula
1026 2871 1132 2911 sua
1153 2850 1227 2909 ad
1250 2851 1558 2928 Evangelii
1581 2850 2072 2930 propagationem,
2092 2860 2151 2911 et
2171 2850 2408 2910 fratrum
2440 2850 2936 2913 confirmationem

530 2932 773 2993 cessisse
793 2932 1080 3011 significat
1104 2954 1119 2991 ε
1166 2934 1203 2965 “
1229 2932 1387 2991 Scire
1408 2951 1516 2991 vos
1544 2932 1698 3006 vole,
1720 2932 1942 3007 fratres,
1967 2932 2102 3009 quia
2124 2950 2253 3009 quae
2281 2932 2435 2990 circa
2459 2952 2552 2989 me
2573 2942 2724 3009 sunt,
2745 2935 2934 3011 magis

529 3012 605 3071 ad
632 3012 950 3090 profectum
979 3020 1263 3071 venerunt
1292 3012 1617 3089 Evangelii,
1651 3013 1745 3071 Ita
1787 3020 1852 3071 ut
1897 3012 2132 3071 vincula
2158 3031 2288 3071 mea
2313 3010 2616 3071 manifesta
2643 3012 2846 3073 fierent
2873 3014 2936 3073 in

530 3094 761 3152 Christo
788 3093 849 3151 in
880 3092 1035 3151 omni
1062 3092 1346 3170 praetoriO,
1377 3099 1435 3150 et
1463 3092 1523 3150 in
1550 3093 1774 3152 caeteris
1816 3092 2099 3169 omnibuS,
2131 3100 2189 3151 et
2214 3092 2408 3170 plures
2437 3112 2470 3151 e
2495 3091 2768 3153 fratribus
2797 3113 2932 3153 con-

528 3172 775 3231 fidentes
798 3172 1046 3231 vinculis
1062 3171 1207 3230 meis
1228 3171 1635 3248 abundantius,
1661 3171 1938 3231 auderent
1961 3174 2082 3231 sine
2103 3173 2306 3231 timore
2325 3171 2566 3231 verbum
2590 3173 2702 3232 Dei
2719 3174 2932 3253 loqui.”

532 3251 795 3309 Fuerunt
824 3271 963 3327 ergo
990 3251 1291 3327 passiones
1310 3251 1439 3327 ejus
1459 3252 1798 3324 utilissimae,
1824 3270 1940 3309 non
1969 3251 2202 3328 quidem
2230 3250 2306 3309 ad
2334 3252 2799 3330 satisfactionem,
2831 3256 2935 3314 sed

530 3330 606 3387 ad
634 3329 1141 3402 confirmationem,
1174 3337 1231 3388 et
1280 3331 1617 3389 constantiae
1660 3331 2008 3407 exemplum.
2094 3331 2259 3389 Idem
2301 3331 2457 3408 alibi,
2489 3336 2524 3389 2
2557 3332 2686 3391 Cor.
2717 3332 2755 3391 i.
2787 3336 2841 3409 6,
2873 3338 2930 3411 ⁷,

532 3411 569 3442 “
596 3408 735 3468 Sive
762 3408 1132 3486 premimur,”
1159 3409 1365 3485 inquit,
1399 3409 1518 3468 “id
1544 3409 1612 3469 fit
1657 3429 1762 3487 pro
1809 3418 2005 3469 vestra
2050 3411 2444 3470 consolatione
2484 3420 2544 3471 et
2571 3412 2773 3489 salute,
2803 3434 2936 3490 quae

530 3488 775 3548 efficitur
800 3490 861 3547 in
888 3488 1193 3548 tolerantia
1219 3488 1547 3547 earumdem
1575 3489 2010 3567 perpessionum
2040 3490 2251 3567 quibus
2279 3499 2337 3549 et
2357 3511 2462 3549 nos
2483 3490 2775 3569 afficimur,
2807 3496 2933 3554 sive

532 3570 983 3629 consolationem
1031 3568 1360 3647 accipimus,
1412 3568 1474 3626 id
1517 3569 1582 3628 fit
1625 3589 1730 3645 pro
1774 3578 1971 3628 vestra
2013 3570 2404 3630 consolatione
2448 3580 2507 3630 et
2525 3562 2792 3647 ‘salute,”
2821 3572 2930 3635 ὅτε.

533 3650 758 3726 Quibus
787 3656 1013 3709 constat
1040 3669 1115 3709 ex
1142 3658 1333 3708 mente
1381 3648 1547 3707 Pauli
1591 3650 1992 3727 perpessiones
2037 3670 2172 3709 suas
2219 3670 2290 3709 eo
2337 3650 2606 3709 fidelibus
2678 3653 2929 3729 rodesse,

531 3750 649 3789 non
676 3738 743 3790 ut
770 3730 881 3807 ipsi
909 3750 944 3788 a
972 3729 1257 3789 similibus
1300 3729 1487 3807 poenis
1531 3730 1874 3805 eximantur,
1909 3728 2035 3809 (qui
2071 3729 2475 3789 satisfactionis
2503 3739 2593 3790 est
2619 3672 2798 3813 linig)
2829 3736 2934 3793 sed

528 3812 701 3897 plane
730 3818 929 3869 contra
955 3817 1021 3868 ut
1048 3808 1123 3868 ad
1150 3810 1339 3869 simile
1366 3818 1657 3869 certamen
1685 3809 2084 3883 sustinendum
2114 3829 2186 3868 ex
2209 3810 2500 3887 patientiae
2523 3830 2641 3870 suae
2663 3814 2932 3892 exemplo

530 3892 737 3951 fortius
765 3890 1105 3949 animentur.
1191 3889 1413 3949 Eodem
1442 3890 1612 3967 plane
1653 3899 1822 3966 pacto
1853 3889 1995 3949 dicit
2020 3890 2116 3947 hic
2147 3892 2183 3924 ‘⁶
2205 3908 2266 3947 se
2293 3890 2412 3967 pati
2441 3908 2546 3967 pro
2571 3891 2714 3969 ipsis
2741 3902 2800 3953 et
2827 3914 2930 3971 pro

532 3990 771 4049 corpore
818 3970 1031 4029 Christi
1074 3969 1232 4049 quod
1280 3976 1369 4029 est
1414 3969 1712 4028 Ecclesia”
1755 3988 1870 4028 non
1913 3969 2264 4043 redimenda,
2297 3970 2400 4028 sed
2428 3969 2783 4047 aedificanda,
2813 3994 2930 4031 non

528 4050 829 4111 liberanda
857 4072 891 4109 a
919 4050 1121 4128 poenis,
1155 4049 1258 4109 sed
1283 4048 1676 4108 confirmanda
1719 4049 1780 4106 in
1819 4050 1952 4125 fide,
1981 4069 2101 4107 non
2127 4048 2202 4107 ad
2231 4049 2694 4126 satisfactionem,
2727 4052 2830 4111 scd
2857 4054 2933 4113 ad

530 4132 928 4191 imitationem.
1014 4130 1257 4189 Fuerint
1284 4149 1423 4206 ergo
1467 4148 1680 4206 magno
1725 4130 1858 4188 usui
1897 4128 2166 4188 fidelibus
2207 4129 2505 4205 passiones
2548 4130 2692 4209 ejus,
2723 4132 2929 4210 ingens

532 4232 608 4271 ex
635 4212 708 4270 iis
737 4209 812 4268 ad
841 4209 1161 4268 Ecclesiam
1183 4209 1403 4269 fructus
1424 4208 1851 4285 redundaverit,
1875 4229 1991 4268 non
2013 4228 2311 4287 negamus.
2383 4209 2680 4287 Negamus
2707 4219 2931 4272 tantum

528 4291 685 4367 quod
717 4289 1056 4348 Adversarii
1104 4288 1466 4367 pertendunt,
1497 4288 1676 4347 fuisse
1708 4296 2073 4366 peccatorum
2101 4298 2426 4349 nostrorum
2454 4292 2730 4373 ἱλαστήριον
2757 4300 2815 4351 et
2842 4312 2932 4351 sa-

526 4370 912 4430 tisfactionem
938 4388 1043 4447 pro
1070 4370 1258 4447 poenis
1286 4388 1429 4447 quas
1456 4376 1693 4447 peccata
1721 4388 1918 4429 eorum
1961 4369 2347 4429 merebantur.
2429 4370 2554 4429 Nec
2589 4372 2764 4449 juvat
2792 4372 2929 4432 Bel·

524 4448 834 4509 larminum
861 4448 1019 4527 quod
1046 4450 1127 4511 ait
1157 4450 1400 4510 Paulum
1433 4452 1470 4481 ‘⁴
1492 4457 1723 4527 optasse
1771 4448 1901 4511 istis
1929 4449 2332 4509 afflictionibus
2359 4450 2632 4527 prodesse
2663 4451 2930 4513 fidelibus

525 4528 963 4606 quibuscunque
992 4540 1217 4607 poterat
1244 4530 1447 4606 modis,
1496 4529 1556 4588 id
1603 4539 1693 4590 est
1735 4549 1852 4589 non
1880 4539 2104 4591 tantum
2131 4530 2486 4606 instruendO,
2517 4532 2926 4607 confirmando,

528 4607 633 4667 sed
660 4608 833 4667 etiam
861 4610 1151 4687 expiando
1175 4612 1232 4688 ;’'
1264 4611 1550 4689 Supponit
1578 4610 1730 4669 enim
1760 4611 1919 4687 quod
1945 4619 2034 4670 est
2061 4612 2120 4668 in
2149 4610 2484 4687 quaestione,
2515 4617 2573 4670 et
2599 4612 2745 4689 petit
2771 4613 2927 4689 prin-
