3234 5192
282 391 519 433 msrur.
552 376 723 451 xxv]
884 392 961 433 ns
1004 388 1353 434 conconnm
1394 388 1578 431 raum
1622 390 1697 430 m·
1739 390 1974 450 neom,
2002 392 2131 435 arc.
2586 379 2702 445 739

289 533 427 592 Illic
454 533 669 609 inquit,
693 540 729 569 ‘⁴
742 532 981 591 Fratres
1002 533 1137 605 mei,
1158 551 1235 591 ne
1263 534 1303 591 i·
1325 529 1772 614 προσωποληψίιιις
1792 533 2006 591 habete
2034 535 2212 593 fldem
2234 535 2482 594 Domini
2508 538 2697 597 nostri

285 611 330 670 J
334 631 438 670 esu
454 612 671 670 Christi
688 612 987 687 gloriosi.’'
1016 610 1219 683 Isthic,
1236 614 1430 681 “Quae
1450 612 1921 683 utilitas,fratres
1937 612 2073 683 mei,
2085 613 2134 670 si
2145 613 2466 688 quisfidern
2477 617 2696 675 habere

286 692 459 767 dicat,
492 711 666 769 opera
692 711 831 750 vero
848 710 967 750 non
992 692 1221 766 habeat,
1250 700 1515 770 potestne
1531 691 1646 751 ista
1669 690 1817 751 fides
1845 710 1976 749 eum
1999 708 2230 751 servare
2255 696 2316 753 ?'’
2360 694 2454 751 Ex
2483 695 2696 771 quibus

286 772 487 849 liquet,
519 772 591 829 de
620 770 734 830 fide
762 779 986 831 tantum
1035 773 1415 850 quaestionem
1456 772 1652 847 fuisse,
1683 790 1864 849 eaque
1910 770 2270 831 ostendenda
2313 774 2584 851 operibus
2613 774 2692 833 ci·

290 862 379 910 tra
406 850 847 932 recent-anulonis»,
876 872 1013 911 nam
1040 862 1105 911 ut
1134 853 1195 911 in
1220 852 1407 931 primo
1456 872 1632 911 versu
1659 850 1828 910 docet
1855 852 2348 930 prosopolepsiam
2375 872 2494 911 non
2521 873 2692 932 posse

290 952 422 991 cum
448 932 563 991 fide
593 933 738 992 bene
767 933 1099 1009 consistere,
1133 932 1214 992 ita
1253 953 1374 993 ver.
1418 936 1509 1007 14,
1535 932 1805 1009 generale
1834 939 1998 991 notat
2023 932 2456 1009 hypocritarum
2484 934 2692 993 vitium

290 1012 391 1090 qui
418 1012 576 1071 inani
598 1013 734 1072 fidei
752 1014 1037 1091 jactantia
1056 1012 1469 1090 gloriabantur,
1499 1012 1639 1071 licet
1682 1031 1919 1089 operum
1947 1031 2144 1071 curam
2182 1014 2564 1091 negligerent,
2595 1033 2690 1075 oc-

290 1112 510 1171 cupans
538 1093 691 1151 enim
720 1092 1103 1170 objectionem
1132 1093 1379 1171 alicujus
1419 1092 1738 1170 hypocritae
1767 1090 1866 1169 qui
1913 1089 2086 1151 fidem
2115 1093 2300 1152 solam
2349 1092 2688 1171 obtendens,

292 1172 365 1231 de
380 1172 793 1251 justificatione
812 1182 871 1233 et
898 1174 1084 1233 salute
1106 1192 1343 1232 securus
1362 1172 1688 1245 videbatur,
1710 1172 1792 1230 ait
1812 1191 1936 1247 quoe
1953 1173 2184 1248 utilitas,
2192 1176 2420 1248 fratres
2439 1175 2562 1249 mei,
2580 1170 2689 1235 &cn

294 1252 744 1329 Insequentibus
770 1273 971 1313 omnes
998 1252 1365 1331 probationes
1386 1272 1522 1311 suas
1548 1250 1686 1310 hinc
1713 1252 1860 1329 petit
1888 1251 2097 1329 Apost.
2121 1252 2280 1330 quod
2295 1254 2441 1313 fides
2469 1253 2690 1331 absque

291 1334 562 1410 operibus
590 1334 754 1392 nulla
780 1334 872 1409 sit,
903 1332 1061 1410 quod
1090 1333 1166 1392 sit
1192 1341 1435 1409 mortua,
1468 1330 1575 1391 Sto.
1622 1331 1932 1390 Conclusio
1959 1330 2114 1391 idem
2137 1332 2408 1409 ostendit,
2439 1352 2559 1393 ver.
2590 1336 2686 1410 26,

293 1414 331 1449 ‘⁴
348 1413 835 1490 quemadmodum
856 1414 1011 1473 enim
1032 1432 1239 1491 corpus
1261 1412 1385 1472 sine
1408 1412 1613 1490 spiritu
1633 1418 1924 1470 mortuum
1939 1419 2046 1487 est,
2071 1413 2152 1471 ita
2170 1421 2228 1471 et
2249 1411 2393 1471 fides
2410 1413 2532 1472 sine
2555 1433 2690 1491 ope·

290 1493 451 1551 ribus
478 1502 707 1553 mortua
732 1494 879 1569 est,''
908 1494 981 1551 de
1008 1492 1123 1551 fide
1150 1493 1305 1551 enirn
1334 1492 1698 1552 concluditur
1723 1511 1854 1568 quse
1883 1511 2024 1549 vera
2051 1491 2128 1552 sit
2153 1500 2213 1551 et
2233 1492 2446 1563 vitalis,
2476 1513 2595 1552 non
2616 1494 2690 1555 de

284 1572 719 1650 justificatione.
780 1574 876 1631 Ex
902 1572 1115 1651 quibus
1140 1572 1325 1651 liquet
1350 1592 1553 1632 verum
1582 1590 1820 1649 scopum
1855 1570 2125 1649 Apostoli
2161 1591 2289 1631 esse
2317 1572 2541 1649 docere,
2571 1594 2691 1632 non

290 1673 419 1711 eam
446 1673 573 1713 esse
600 1673 799 1713 veram
828 1662 887 1713 et
914 1654 1231 1713 salvificam
1258 1652 1429 1711 fidem
1461 1672 1590 1730 quae
1617 1671 1721 1730 per
1748 1671 1924 1730 opera
1943 1672 2006 1711 se
2034 1672 2151 1713 non
2193 1652 2447 1713 ostendit
2473 1653 2546 1713 de
2573 1674 2692 1732 qua

290 1733 689 1811 gloriabantur
714 1733 809 1793 isti
839 1733 1173 1811 hypocritae,
1198 1733 1299 1793 sed
1326 1734 1495 1791 inane
1523 1740 1750 1792 tantum
1771 1732 1900 1810 ejus
1938 1732 2366 1809 simulachrum,
2396 1742 2462 1793 ut
2483 1754 2692 1812 corpus

288 1812 491 1873 vivum
516 1834 637 1873 non
664 1814 928 1891 estquod
954 1834 1071 1872 non
1093 1813 1336 1891 respirat
1360 1835 1373 1873 z
1418 1813 1624 1891 Itaque
1654 1812 1855 1873 fideles
1884 1812 1930 1871 si
1962 1812 2146 1873 velint
2163 1833 2289 1875 esse
2316 1814 2508 1892 reipsa
2535 1814 2693 1893 quod

288 1893 561 1953 videntur
588 1893 797 1953 debere
826 1895 885 1953 in
913 1893 975 1952 id
1004 1894 1205 1953 sedulo
1233 1894 1565 1954 incumbere
1593 1900 1661 1953 ut
1687 1892 1860 1952 fidem
1889 1912 2052 1953 suam
2103 1894 2374 1972 operibus
2421 1904 2691 1955 testatam

290 1972 520 2033 faciant.
596 1974 653 2034 2.
700 1974 981 2033 Peccatur
1008 1974 1179 2033 etiam
1210 1974 1419 2033 falsiss.
1464 1974 1707 2051 hypotb.
1737 1974 1876 2031 nim.
1909 1973 2082 2032 fidem
2132 1995 2262 2051 quae
2291 1975 2560 2051 operibus
2588 1976 2690 2034 de-

289 2053 547 2111 stituitur
574 2072 702 2112 esse
731 2074 925 2113 veram
956 2061 1015 2113 et
1043 2054 1399 2113 Catholicam
1427 2054 1698 2130 quamvis
1731 2052 1807 2111 ad
1843 2054 2088 2113 salutem
2117 2074 2234 2112 non
2263 2054 2526 2127 sufficiat,
2557 2074 2690 2114 cum

287 2140 481 2191 tamen
508 2133 553 2191 J
555 2133 771 2192 acobns
798 2152 924 2191 eam
945 2142 1224 2191 mortuam
1253 2142 1421 2192 vocet
1449 2140 1509 2191 et
1535 2132 1912 2191 Diabolicam.
1943 2136 1998 2191 3.
2029 2133 2214 2192 Aliud
2236 2142 2326 2192 est
2345 2134 2420 2192 ad
2441 2134 2688 2194 salutem

288 2212 413 2271 sine
462 2213 733 2291 operibus
786 2232 903 2270 non
932 2211 1208 2287 sufficere,
1238 2212 1397 2271 aliud
1446 2211 1522 2269 ad
1576 2212 1822 2271 salutem
1871 2212 2282 2290 acquirendam
2311 2212 2436 2273 sive
2463 2213 2538 2272 ad
2559 2214 2688 2291 jus-

286 2292 678 2367 tificationem,
708 2294 869 2371 prius
912 2312 1031 2350 non
1072 2292 1365 2351 illibenter
1411 2291 1800 2367 concedimus,
1830 2291 2004 2351 fidem
2034 2292 2255 2353 scilicet
2281 2312 2400 2352 non
2427 2293 2688 2357 sufficere

284 2372 411 2432 sine
440 2374 710 2451 operibus
737 2372 812 2431 ad
834 2373 1079 2433 salutem
1108 2371 1517 2451 possidendam
1545 2381 1605 2432 et
1626 2372 1969 2449 adeundam,
1999 2382 2066 2433 ut
2085 2374 2187 2451 qui
2213 2373 2484 2434 novimus
2513 2394 2690 2453 opera

285 2453 443 2512 viam
472 2473 598 2513 esse
640 2453 717 2513 ad
752 2453 963 2513 coelum
990 2473 1164 2530 quam
1195 2454 1356 2513 Deus
1404 2454 1632 2531 paravit
1677 2453 1830 2513 utin
1873 2474 1942 2514 ea
1995 2454 2375 2527 ambulemus,
2425 2456 2576 2533 Eph.
2627 2456 2686 2519 ii.

288 2532 380 2611 10,
432 2533 537 2594 sed
572 2534 859 2613 posterius
906 2553 1187 2612 negamus
1222 2542 1425 2595 contra
1462 2534 1800 2595 Pontificios
1835 2535 1934 2613 qui
1961 2535 2181 2595 vellent
2209 2554 2382 2613 opera
2408 2536 2544 2595 fidei
2582 2537 2686 2596 ad-

275 2614 527 2693 jungere
574 2616 638 2674 in
673 2615 917 2676 articulo
951 2614 1403 2693 justificationis,
1446 2636 1578 2675 cum
1620 2624 1818 2676 tamen
1853 2616 1982 2675 luce
2010 2616 2328 2675 meridiana
2370 2616 2581 2675 clarius
2611 2617 2690 2678 sit

288 2695 643 2774 Scripturam
692 2717 819 2756 eam
864 2696 974 2755 soli
1011 2695 1149 2755 fidei
1190 2696 1460 2770 tribuere,
1490 2716 1597 2755 nec
1645 2696 1814 2756 aliter
1839 2696 1964 2755 fieri
2007 2716 2178 2773 posse
2205 2696 2347 2773 quin
2375 2698 2688 2773 abrogetur

282 2775 471 2836 foedus
488 2779 707 2853 gratiae.
764 2780 822 2837 4.
854 2777 1081 2835 Merum
1122 2782 1211 2834 est
1233 2775 1568 2852 figmentum
1596 2776 1756 2852 quod
1783 2775 1866 2834 ait
1891 2775 1936 2834 J
1937 2774 2182 2833 acobum
2207 2775 2372 2851 loqui
2399 2776 2470 2834 dc
2499 2777 2684 2835 incre·

280 2864 477 2915 mento
504 2856 550 2914 J
554 2855 783 2930 ustitiae,
816 2875 947 2914 cum
968 2854 1116 2912 nibil
1144 2854 1259 2913 tale
1288 2853 1385 2912 vel
1402 2874 1678 2931 expresse
1707 2855 1768 2913 in
1809 2854 1938 2931 ejus
1958 2854 2154 2913 verbis
2183 2855 2561 2931 contineatur,
2585 2857 2682 2915 vel

277 2954 383 3012 per
408 2935 791 2994 necessariam
812 2943 871 2993 et
896 2934 1225 2993 evidentem
1254 2934 1720 3011 consequentiam
1750 2954 1826 2993 ex
1855 2934 1970 2992 illis
1999 2933 2130 2992 elici
2159 2934 2358 3011 possit.

360 3013 547 3075 XVI.
594 3014 836 3072 Frustra
862 3033 1002 3073 vero
1030 3012 1107 3072 ad
1135 3012 1391 3091 August.
1415 3022 1710 3091 provocat,
1739 3033 1874 3072 nam
1903 3012 2044 3073 dicit
2071 3012 2169 3073 ille
2196 3012 2432 3090 quidem
2459 3021 2680 3092 tempo·

276 3094 439 3153 ribus
467 3092 901 3171 Apostolorum,
931 3113 1049 3153 non
1076 3093 1225 3152 bene
1272 3094 1583 3153 intellectis
1628 3093 1975 3170 quibusdam
2025 3093 2326 3153 sententiis
2357 3094 2542 3169 Pauli,
2573 3114 2680 3172 pu.

278 3182 433 3233 tasse
477 3174 758 3251 quosdam
804 3173 879 3232 ad
928 3173 1171 3233 salutem
1218 3173 1591 3233 obtinendam
1638 3174 1810 3233 fidem
1869 3174 2052 3233 solam
2079 3172 2356 3250 sufficere,
2386 3174 2466 3233 id.
2497 3175 2680 3235 solam

276 3252 415 3313 fidei
441 3253 853 3331 professionem
882 3261 942 3313 et
968 3252 1491 3332 praesumptionem,
1521 3253 1680 3331 quod
1720 3262 1879 3333 patet
1907 3253 2104 3313 statim
2132 3274 2207 3314 ex
2233 3253 2362 3332 ipso
2388 3253 2518 3314 loco
2547 3276 2678 3317 cum

276 3333 375 3410 ait,
424 3338 460 3367 “
484 3334 805 3413 Apostolus
854 3354 1033 3412 quum
1076 3334 1219 3394 dicit
1262 3334 1553 3393 hominem
1586 3334 1896 3412 justificari
1922 3333 2038 3393 fide
2066 3334 2190 3394 sine
2232 3335 2520 3413 operibuS,
2561 3357 2678 3395 non

276 3413 387 3473 hoc
416 3414 545 3473 vult
572 3422 637 3474 ut
663 3422 953 3493 praecepta
978 3422 1039 3473 et
1064 3414 1323 3493 professa
1348 3413 1463 3473 fide
1490 3434 1666 3492 opera
1685 3420 1691 3427 '
1703 3414 1948 3491 justitiae
1994 3423 2450 3491 contemnantur,
2483 3417 2586 3475 sed
2613 3427 2680 3477 ut

276 3494 423 3553 sciat
452 3514 514 3554 se
543 3496 787 3573 quisque
813 3514 918 3572 per
944 3493 1115 3555 fidem
1145 3514 1315 3573 posse
1348 3494 1676 3572 justificari,
1707 3494 1932 3554 etiamsi
1964 3494 2142 3573 Legis
2186 3516 2360 3573 opera
2387 3516 2504 3555 non
2530 3518 2676 3573 prae-

276 3574 572 3651 cesserint,
604 3584 924 3653 sequuntur
970 3576 1124 3635 enim
1152 3575 1195 3635 J
1198 3574 1567 3649 ustificatum,
1618 3594 1738 3634 non
1785 3574 2120 3652 praecedunt
2146 3575 2189 3635 J
2193 3575 2598 3635 ustificandum
2621 3578 2675 3653 3¹¹

274 3654 505 3713 interim
526 3662 719 3715 tamen
747 3655 921 3715 fidem
949 3655 1100 3714 hanc
1128 3655 1393 3732 nuspiam
1421 3674 1622 3714 veram
1651 3664 1710 3714 et
1738 3654 2094 3714 Catholicam
2122 3664 2310 3729 vocat,
2343 3654 2445 3714 sed
2473 3666 2676 3717 contra

274 3744 559 3794 mortuam
586 3736 799 3796 diserte
828 3735 971 3795 dicit
998 3743 1057 3795 et
1083 3756 1186 3813 per
1212 3754 1571 3813 consequens
1598 3734 1828 3794 inanem
1859 3742 1918 3795 et
1941 3731 2270 3811 ψωδᾶνυμυ,
2305 3738 2342 3768 “
2361 3736 2674 3814 Quousque

274 3814 525 3898 igitur-,2
538 3816 742 3893 inquit,
766 3816 1091 3875 “falluntur
1110 3815 1209 3893 qui
1236 3815 1353 3874 fide
1378 3824 1607 3875 mortua
1635 3815 1747 3874 sibi
1774 3814 1952 3874 vitam
1981 3815 2328 3893 pollicentur
2344 3815 2402 3891 ;”
2432 3816 2528 3875 Ita
2545 3817 2671 3877 Au-

274 3904 429 3973 gust.
458 3915 576 3955 non
603 3904 773 3974 urget
800 3914 975 3972 opera
1004 3903 1069 3955 ut
1094 3896 1518 3989 Justrficationis
1544 3916 1764 3971 causas,
1793 3894 1901 3955 sed
1927 3905 1992 3955 ut
2000 3896 2152 3972 fidei
2157 3896 2400 3972 fructus,
2435 3904 2502 3955 ut
2529 3896 2670 3959 ibid.

271 3983 551 4051 testatur;
594 3984 976 4053 praeterquam
998 3975 1155 4053 quod
1178 3975 1337 4034 ahud
1365 3984 1470 4051 est,
1494 3975 1722 4034 “fidem
1751 3976 1874 4035 sine
1904 3976 2173 4054 operibus
2200 3995 2316 4035 non
2343 3976 2672 4054 prodesse,”

268 4055 428 4133 quod
456 4055 537 4114 ait
565 4055 819 4133 August.
850 4064 909 4115 et
934 4075 1043 4115 nos
1071 4076 1201 4114 cum
1230 4054 1357 4134 ipso
1394 4056 1782 4133 agnoscimus,
1827 4056 1991 4115 aliud
2041 4058 2076 4090 “
2102 4054 2280 4114 fidem
2323 4055 2446 4115 sine
2485 4057 2670 4134 operi-

269 4136 380 4195 bus
402 4154 517 4195 non
547 4135 805 4195 sufficere
834 4135 909 4194 ad
936 4136 981 4195 J
984 4135 1485 4211 ustificationem,”
1514 4136 1674 4213 quod
1701 4135 1880 4195 vellet
1903 4136 2309 4211 Adversarius,
2329 4143 2389 4195 et
2435 4156 2542 4197 nos
2569 4158 2668 4197 ne-

268 4234 492 4293 gamus.
526 4216 689 4275 Nihil
718 4216 875 4293 Ergo
897 4214 1151 4294 praesidii
1173 4216 1349 4275 habet
1376 4215 1435 4273 in
1453 4216 1800 4275 authoritate
1821 4215 2158 4293 Augustini.
2200 4216 2363 4275 Nihil
2384 4216 2558 4277 etiam
2571 4219 2670 4295 ju-

261 4304 405 4355 vant
432 4296 560 4355 loca
581 4296 773 4371 allata,
797 4316 931 4353 nam
954 4316 1029 4353 ex
1058 4296 1259 4373 prime,
1283 4296 1327 4355 J
1330 4316 1415 4355 ac.
1438 4296 1477 4356 i.
1508 4300 1604 4371 22,
1636 4295 1930 4373 colligitur
1955 4304 2180 4355 tantum
2208 4295 2342 4355 finis
2381 4299 2670 4374 generalis

266 4376 561 4453 Epistolae,
591 4376 842 4434 hortatio
873 4375 1092 4435 scilicet
1119 4376 1195 4435 ad
1223 4376 1547 4435 sanctitatis
1574 4375 1849 4450 studium,
1873 4375 2010 4453 quia
2038 4376 2166 4434 Lex
2205 4395 2322 4434 non
2378 4376 2670 4437 auditores

257 4464 481 4516 tantum
513 4457 616 4515 sed
644 4464 701 4515 et
728 4456 975 4516 factores
995 4456 1266 4533 postulat,
1288 4455 1674 4534 Evangelium
1703 4455 1856 4515 enim
1885 4475 2016 4514 cum
2043 4456 2536 4533 promissionibus,
2569 4478 2675 4519 sua

262 4536 435 4596 etiam
464 4536 641 4596 habet
658 4534 947 4609 mandata,
962 4536 1037 4594 ad
1054 4555 1299 4613 quorum
1309 4536 1772 4595 observationem
1793 4556 1900 4595 nos
1910 4536 2186 4595 hortatur.
2213 4537 2308 4594 Ex
2317 4538 2498 4597 altero
2510 4559 2666 4615 vero,

262 4638 312 4676 c.
336 4617 395 4675 ii.
433 4621 483 4692 1,
516 4616 662 4675 nihil
684 4624 875 4695 potest
893 4615 1091 4675 inferri
1114 4616 1227 4675 nisi
1254 4616 1429 4674 fidem
1446 4636 1569 4675 eam
1594 4635 1804 4675 vanam
1839 4634 1966 4677 esse
1993 4636 2122 4693 quae
2143 4616 2368 4677 laborat
2394 4638 2671 4696 prosopo-

258 4696 461 4836 lepsi}
484 4705 543 4757 et
563 4696 895 4756 destituitur
929 4696 1208 4756 charitate
1227 4716 1329 4756 seu
1349 4696 1519 4755 bonis
1548 4696 1832 4774 operibuS,
1853 4696 2010 4775 quod
2037 4696 2182 4756 illud
2205 4698 2392 4777 ipsum
2405 4707 2494 4758 est
2511 4698 2670 4777 quod

262 4778 420 4836 inten
464 4778 630 4837 imus.
