3234 5192
281 331 511 375 nlsrur.
544 313 705 396 vnn]
1344 333 1422 375 m:
1452 333 1682 376 mnus.
2572 316 2692 379 353

278 475 429 534 inter
454 465 719 551 infantes,
751 475 851 553 qui
878 494 981 552 per
1008 483 1237 536 aetatem
1264 483 1455 536 actum
1478 474 1615 534 fidei
1643 495 1760 535 non
1799 481 2044 554 possunt
2071 493 2324 550 exerere,
2355 483 2414 534 et
2441 473 2689 552 adultos,

422 556 433 567 .
936 556 949 569 .
1482 557 1496 570 .
1850 557 1864 569 .
1915 556 1928 569 .
2366 559 2402 589 u
2545 556 2559 570 .

274 574 438 694 {31¹3
438 556 551 694 ¹1:31
574 554 983 712 ᾓιῇθέῗιῖῗέἳὲῗ
1006 556 2042 713 ἓῗῑίΐὲξίῗὲἓῐὲἒέᾞῗχέῗξ·
2067 555 2182 694 ,1ῗέ
2202 575 2370 694 2553.
2402 555 2691 712 εἷῗῖἒιῗζ

274 735 381 775 nec
410 715 577 775 aliter
604 723 797 776 servat
824 716 997 776 hodie
1024 736 1197 794 quam
1224 717 1368 776 heri.
1455 717 1613 776 Hinc
1657 725 1722 776 ut
1748 717 1910 776 hodie
1954 716 2064 776 sub
2107 715 2277 775 Novo
2323 716 2694 776 Testamento

274 795 508 856 adultus
535 817 704 857 nemo
734 804 999 856 servatur
1041 797 1259 874 absque
1304 796 1461 856 omni
1504 797 1710 857 notitia
1747 805 1808 856 et
1833 795 1948 856 fide
2003 795 2252 856 Christi:
2298 794 2392 856 Ita
2431 798 2560 856 heri
2583 797 2692 857 sub

274 875 479 935 Veteri
506 877 875 936 Testamento
902 877 1098 955 aliqua
1123 877 1270 937 fides
1298 885 1358 936 et
1385 877 1591 936 notitia
1618 877 1833 936 Christi
1877 895 2104 954 semper
2129 875 2239 935 fuit
2265 877 2590 936 necessaria
2615 878 2692 937 ad

274 956 537 1032 salutem,
569 957 866 1016 obscurior
892 959 1125 1033 quidem
1154 967 1213 1017 et
1238 957 1467 1017 tenuior
1493 957 1688 1036 quoad
1708 960 1946 1034 gradus,
1977 977 2096 1034 proe
2139 955 2254 1014 fide
2284 955 2438 1016 Novi
2486 957 2689 1018 Testa-

272 1037 468 1112 menti,
493 1037 668 1115 juxta
720 1057 1048 1097 mensuram
1100 1038 1473 1098 revelationis
1520 1046 1580 1097 et
1625 1045 1888 1097 naturam
1943 1037 2102 1096 illius
2154 1037 2524 1113 oeconomiae3
2572 1037 2691 1098 Sed

272 1136 403 1194 quae
430 1117 632 1176 eadem
660 1125 815 1178 esset
841 1138 974 1178 cum
1002 1128 1201 1177 nostra
1236 1117 1429 1195 quoad
1477 1117 1877 1194 substantiam,
1933 1126 1993 1178 et
2013 1136 2142 1195 quae
2170 1115 2458 1176 sufficeret
2482 1116 2561 1177 ad
2585 1118 2687 1178 ob·

273 1197 569 1256 tinendam
589 1196 1065 1275 justificationem
1105 1205 1165 1257 et
1192 1199 1437 1258 salutem
1468 1197 1756 1258 Patribus.

355 1276 617 1336 XXXI.
662 1278 969 1354 Perperam
996 1279 1091 1338 hic
1118 1278 1406 1357 objicitur,
1448 1281 1700 1338 Veterem
1727 1278 2085 1337 oeconomt'am
2112 1276 2261 1335 mille
2283 1275 2427 1354 typis
2453 1285 2514 1336 et
2551 1280 2687 1338 velis

260 1357 441 1431 finisse
470 1365 708 1431 tectam;
752 1357 925 1417 Unde
951 1377 1069 1417 non
1095 1359 1304 1418 mirum
1332 1377 1477 1434 esse,
1510 1359 1561 1418 si
1589 1357 1793 1418 Patres
1835 1357 1914 1418 ad
1958 1377 2058 1434 my
2061 1357 2238 1416 steria
2283 1356 2438 1415 Novi
2484 1358 2684 1418 Testa-

272 1435 451 1495 menti
480 1445 779 1514 penetrare
804 1457 923 1496 non
948 1439 1258 1516 potuerint.
1343 1438 1493 1513 Quia
1518 1438 1936 1516 qualiscunque
1977 1377 2151 1497 fuyerit
2179 1436 2499 1496 obscuritas
2525 1437 2685 1498 illius

272 1515 737 1594 dispensationis,
768 1537 885 1576 non
912 1518 1253 1578 desinebant
1279 1526 1473 1578 tamen
1500 1519 1609 1578 sub
1653 1518 1771 1578 illis
1797 1518 1946 1577 velis
1993 1527 2053 1577 et
2093 1517 2250 1594 typis
2275 1515 2426 1575 radii
2469 1519 2684 1578 verita·

271 1605 397 1656 tum
426 1597 912 1675 Evangelicarum
938 1599 1169 1675 micare,
1198 1607 1257 1658 et
1284 1599 1454 1660 oculo
1474 1599 1611 1658 fidei
1639 1599 1863 1676 piorum
1891 1617 2018 1658 sese
2067 1597 2328 1674 ingerere
2372 1596 2449 1655 ad
2485 1617 2684 1658 eorum

271 1677 575 1754 solatium3
619 1679 763 1738 alias
792 1678 954 1738 Deus
990 1680 1267 1758 populum
1312 1699 1481 1740 suum
1528 1678 1798 1738 inanibus
1841 1678 2077 1753 umbris,
2127 1695 2372 1754 quarum
2421 1677 2685 1740 Christus

269 1776 479 1835 corpus
504 1777 621 1818 non
650 1758 839 1834 suerit,
869 1758 1199 1820 ludificatus
1226 1768 1395 1837 esset,
1428 1769 1487 1820 et
1512 1760 1779 1837 nuspiam
1828 1759 2118 1818 docuisset
2150 1757 2268 1816 illis
2295 1756 2452 1834 typis
2478 1759 2682 1837 mysti-

269 1857 395 1896 cam
437 1838 626 1898 inesse
660 1839 1139 1918 significationem
1166 1860 1357 1900 rerum
1386 1839 1770 1934 spiritualium
1817 1846 1877 1899 et
1905 1838 2264 1898 coelestiunn
2309 1835 2455 1897 Cum
2483 1847 2686 1900 contra

270 1925 489 1977 certum
518 1919 595 1978 sit
624 1919 813 1980 Deum
840 1939 957 1979 non
997 1940 1115 1980 uno
1141 1920 1271 1979 loco
1318 1920 1536 1996 testari,
1592 1918 2085 1979 circumcisionem
2129 1916 2320 1977 cordis
2367 1917 2684 1996 significari

271 1997 705 2058 circumcisione
758 2000 965 2076 carnis,
1017 2009 1076 2059 et
1121 2001 1272 2060 hanc
1310 2000 1529 2077 absque
1576 2000 1680 2058 illa
1719 1999 1840 2058 fore
1893 1999 2203 2074 inutilem,
2269 1997 2348 2054 Et
2394 1997 2460 2056 in
2506 2000 2679 2059 sacri-

268 2076 415 2136 ficiis
442 2099 560 2138 non
586 2087 706 2138 tam
724 2080 1103 2158 spectandum
1122 2079 1265 2156 quid
1292 2087 1501 2156 essent,
1524 2099 1700 2157 quam
1727 2079 1870 2157 quid
1890 2078 2299 2157 significarent,
2323 2077 2542 2155 absque
2563 2097 2681 2157 quo

268 2177 387 2216 non
466 2158 641 2217 modo
712 2159 957 2236 ingrata,
1015 2159 1120 2219 sed
1174 2169 1233 2220 et
1278 2178 1458 2219 exosa
1511 2160 1626 2219 sibi
1679 2179 1824 2219 esse.
1935 2159 2016 2220 Et
2085 2177 2223 2218 sane
2260 2176 2392 2216 cum
2415 2158 2575 2236 typi
2621 2169 2683 2220 et

270 2237 441 2314 signa
510 2238 571 2295 in
626 2257 731 2298 suo
779 2238 1006 2297 formali
1044 2239 1161 2298 sint
1214 2239 1412 2316 relata,
1460 2249 1519 2300 et
1574 2240 1882 2300 involvant
1927 2248 2250 2318 respectum
2297 2236 2549 2314 aliquem
2603 2239 2682 2298 ad

270 2336 393 2375 rem
447 2316 751 2396 signatam,
791 2338 909 2377 non
958 2320 1187 2380 velandi
1219 2327 1461 2395 tantum,
1536 2321 1642 2380 sed
1678 2328 1738 2381 et
1798 2320 2089 2380 revelandi
2141 2339 2246 2378 suo
2287 2317 2462 2377 modo
2509 2339 2680 2380 usum

270 2395 483 2456 habere
532 2397 871 2462 debuerunt.
956 2399 1081 2460 Nec
1122 2401 1207 2460 ita
1255 2400 1508 2460 carnalia
1548 2409 1714 2461 erant
1753 2409 1812 2460 et
1853 2399 2174 2462 materialia
2220 2418 2350 2492 quse
2397 2419 2677 2478 propone-

268 2475 497 2554 bantur,
555 2478 696 2556 quin
735 2479 818 2558 pii
845 2501 949 2559 per
988 2481 1102 2542 ista
1141 2485 1351 2548 αἰσθητὰ
1392 2489 1451 2542 et
1506 2481 1802 2542 sensibilia
1843 2481 1918 2540 ad
1971 2484 2039 2540 τὰ
2095 2483 2236 2544 νοητὰ
2289 2477 2683 2576 intelligibilia

268 2566 328 2617 et
372 2557 693 2637 spiritualia
746 2562 1162 2623 ascenderent:
1205 2562 1423 2641 alioqui
1470 2561 1594 2622 fieri
1649 2581 1766 2621 non
1792 2563 2092 2639 potuisset,
2139 2561 2280 2640 quin
2326 2561 2682 2622 crassissime

268 2648 571 2700 errassent.
628 2657 689 2699 v.
746 2661 805 2718 g.
856 2642 905 2702 si
956 2643 1027 2702 de
1075 2643 1374 2703 sacrificiis
1432 2651 1716 2720 ageretur,
1769 2661 1900 2700 cum
1947 2661 2066 2700 non
2107 2650 2346 2719 possent
2393 2643 2518 2700 sine
2555 2641 2680 2734 pia-

268 2719 400 2778 culo
456 2720 705 2797 credere,
740 2721 853 2781 Dei
889 2723 1179 2800 justifiam
1232 2722 1451 2800 placari
1497 2742 1668 2800 posse
1721 2720 2022 2780 brutorum
2077 2722 2377 2798 sanguine,
2429 2741 2498 2780 eo
2551 2741 2680 2799 rpso

268 2797 591 2861 debuerunt
644 2766 819 2861 eitius
874 2822 1177 2880 assurgere
1232 2811 1293 2862 et
1344 2801 1629 2880 respicere
1697 2799 1773 2858 ad
1830 2800 2068 2877 aliquod
2121 2801 2281 2859 aliud
2336 2799 2680 2859 sacrificium

265 2877 441 2957 longe
466 2881 853 2958 praestantius,
897 2901 1013 2959 quo
1034 2888 1273 2958 peccata
1318 2881 1513 2940 omnia
1554 2879 1942 2957 expiarentur,
1989 2879 2064 2937 ad
2103 2879 2396 2939 Christum
2439 2878 2678 2956 scilicet,

265 2960 369 3036 qui
422 2960 673 3017 animam
703 2978 867 3019 suam
921 2971 1075 3022 esset
1116 2960 1410 3054 positurus
1446 2961 1508 3017 in
1536 2957 1881 3018 sacrificium
1929 2977 2034 3052 pro
2070 2966 2250 3032 reatu,
2299 2959 2416 3018 Isa.
2443 2957 2548 3016 liii.
2584 2960 2676 3036 10,

270 3037 425 3097 Psal.
455 3039 539 3096 xl.
570 3040 626 3113 6,
648 3041 704 3114 7,
736 3047 796 3098 et
821 3041 989 3118 cujus
1005 3040 1298 3099 excisione
1317 3037 1682 3116 obsignanda
1699 3045 1820 3096 erat
1845 3037 1996 3098 visio
2024 3045 2084 3098 et
2097 3037 2416 3116 prophetia,
2441 3037 2678 3116 expian-

266 3116 405 3176 dum
460 3124 778 3210 peccatum,
830 3128 889 3178 et
922 3119 1152 3196 justitia
1180 3118 1503 3178 seculorum
1543 3115 1902 3194 adducenda,
1949 3118 2099 3176 Dan.
2149 3117 2230 3178 ix.
2260 3121 2356 3195 24,
2402 3118 2500 3178 25.
2584 3119 2681 3180 Ita

265 3197 350 3275 pii
390 3197 492 3275 qui
518 3197 649 3256 cibo
678 3205 737 3256 et
762 3207 905 3276 potu
930 3199 1044 3256 isto
1094 3198 1396 3276 spirituali,
1473 3197 1537 3258 ui
1564 3219 1599 3256 a
1627 3197 1756 3256 Deo
1811 3198 2286 3278 suppeditabatur
2319 3200 2382 3258 in
2430 3199 2676 3277 deserte,

266 3277 595 3354 utebantur,
647 3296 765 3336 non
804 3277 1129 3357 potuissent
1178 3277 1409 3338 Christo
1452 3277 1870 3357 spiritualiter
1855 3299 1916 3337 ιιι
1943 3299 2014 3338 eo
2039 3279 2217 3356 vesci,
2275 3280 2432 3358 quod
2460 3279 2532 3340 de
2559 3279 2679 3342 illis

267 3357 589 3436 Apostolus
616 3366 877 3436 testatur,
927 3358 1040 3418 nisi
1054 3357 1309 3420 ulterius
1336 3359 1411 3419 ad
1438 3379 1537 3438 my
1540 3357 1778 3419 sterium
1806 3359 1916 3419 hoc
1961 3359 2226 3438 symbolo
2273 3361 2674 3422 adumbratum

264 3439 677 3516 respexissent.
763 3439 935 3500 Unde
974 3439 1187 3500 invicte
1216 3439 1595 3516 concluditur,
1629 3439 1968 3500 Christum'
1943 3461 2068 3518 Jam
2105 3441 2244 3500 olim
2272 3443 2676 3503 adumbratum

264 3527 323 3576 et
348 3519 695 3656 promisssum
722 3519 783 3578 in
810 3519 1058 3580 oraculis
1102 3529 1161 3580 et
1186 3519 1361 3600 typis,
1392 3541 1428 3580 a
1453 3519 1724 3581 fidelibus
1771 3521 2084 3600 cognitum,
2116 3529 2175 3582 et
2221 3543 2326 3602 per
2363 3523 2538 3583 fidem
2587 3543 2673 3582 re-

261 3605 489 3676 ceptum
542 3619 767 3663 uisse.
