3234 5192
277 332 509 374 msl’ur.
541 308 752 392 xv111.]
919 329 996 368 DF:
1041 329 1517 369 sevrlsrscrloms
1545 329 1783 368 culus‘rl
1814 329 2134 370 vBMTA‘rE.
2572 315 2691 374 575

277 473 356 534 tis
383 472 502 532 suis
531 470 797 528 victimas
825 467 1046 542 offerre,
1077 467 1287 528 deinde
1315 489 1420 546 pro
1461 467 1714 545 peccatis
1758 469 1975 546 populi,
2006 469 2117 528 hoc
2165 470 2319 529 enim
2348 472 2526 530 semel
2554 472 2694 533 fecit

281 571 458 630 quum
481 558 662 610 semet
689 549 878 626 ipsum
907 549 1178 608 obtulit.”
1219 549 1315 606 Ex
1341 548 1554 625 quibus
1575 548 1770 608 verbis
1792 547 1909 606 duo
1926 548 2291 626 colligimus:
2324 551 2535 626 Primo,
2566 573 2693 630 per·

283 631 492 692 fectum
539 629 756 688 Christi
799 629 1154 687 oblationem
1207 647 1324 704 qua
1351 627 1723 704 semetipsum
1776 627 1991 687 obtulit
2052 629 2399 708 respondere
2443 631 2497 689 ei
2524 651 2697 708 quam

281 709 542 788 quotidie
571 709 860 768 faciebant
891 707 1201 766 Pontifices
1247 706 1468 784 legales
1513 727 1620 784 pro
1666 708 1919 784 peccatis
1951 707 2167 784 populi,
2218 709 2343 768 hsce
2392 719 2603 786 autem,
2632 719 2700 770 nt

285 799 505 867 notum,
537 788 922 867 peragebatur
975 787 1338 846 victimarum
1397 787 1745 846 mactatione
1800 795 1859 846 et
1932 787 2339 864 immolatione,
2400 789 2469 848 E.
2500 799 2559 848 et
2588 790 2699 849 ista

289 869 503 929 Christi
530 879 714 928 morte
738 887 872 944 qun
899 867 1010 926 fuit
1037 866 1290 926 victimae
1317 867 1590 924 mactatio
1607 885 1711 942 pro
1738 867 1989 944 peccatis
2018 868 2231 926 nostris
2249 869 2451 946 peragi
2478 869 2697 928 debuit.

293 949 577 1024 Secundo,
625 948 976 1006 oblationem
1019 947 1168 1005 hanc
1217 945 1332 1004 dici
1379 944 1590 1004 factam
1635 949 1817 1020 semel,
1869 946 2091 1021 ἰφιίπαξ,
2142 947 2405 1025 opposite
2450 949 2573 1008 scil.
2624 947 2699 1006 ad

287 1029 614 1088 oblationes
639 1027 862 1105 legales
909 1046 1039 1103 quse
1087 1025 1304 1084 fiebant
1345 1023 1461 1084 κατ’
1497 1027 1675 1105 ἑμέραν
1718 1027 1813 1084 vel
1842 1028 2063 1102 bum-bn,
2094 1027 2181 1086 At
2208 1047 2324 1086 non
2360 1037 2557 1104 posset
2584 1027 2701 1086 dici

301 1109 454 1168 facte
481 1107 662 1168 semel
687 1107 800 1165 nisi
847 1107 910 1164 in
937 1113 1122 1164 morte
1169 1105 1322 1164 facta
1349 1105 1571 1180 fuisset,
1619 1125 1755 1164 nam
1800 1107 1959 1183 quod
1978 1107 2202 1184 jugiter
2228 1116 2288 1166 et
2334 1108 2608 1166 continuo
2634 1107 2703 1168 fit

293 1207 475 1264 usqne
504 1187 578 1246 ad
607 1185 1158 1246 consummationem
1187 1185 1400 1260 saculi,
1451 1194 1519 1244 ut
1545 1187 1913 1262 praesentatio
1956 1187 2015 1244 in
2054 1186 2217 1262 coelo,
2256 1187 2703 1264 haudqwquam

293 1267 474 1325 semel
499 1265 714 1324 factum
745 1265 862 1323 dici
887 1272 1098 1342 potest.

376 1345 567 1403 XXI.
611 1344 846 1418 Quarto,
879 1343 1248 1402 confirmatur
1273 1342 1384 1402 hoc
1431 1343 1620 1420 ipsum
1668 1344 1910 1402 ulterius
1935 1365 2013 1403 ex
2042 1344 2197 1403 Heb.
2236 1343 2317 1402 ix.
2348 1347 2443 1418 25,
2476 1347 2571 1422 26,
2602 1346 2703 1404 ubi

295 1423 506 1502 Apost.
537 1423 609 1482 de
626 1423 858 1482 Christo
878 1423 1172 1482 secerdote
1195 1423 1456 1498 loquens,
1483 1427 1518 1456 “
1539 1423 1671 1482 Non
1707 1432 1773 1482 ut
1797 1443 1953 1500 saepe
1981 1423 2183 1483 offeret
2222 1425 2609 1501 semetipsum,
2640 1433 2709 1484 ut

299 1503 570 1563 Pontifex
617 1501 940 1579 ing-reditur
983 1502 1046 1560 in
1079 1502 1403 1562 Sacrarium
1429 1503 1740 1579 quotannis
1789 1523 1919 1562 cum
1966 1504 2249 1580 sanguine
2298 1503 2487 1562 alieno
2564 1505 2703 1563 alio-

295 1583 439 1662 quin
465 1583 814 1660 oportuisset
861 1601 994 1640 eum
1019 1601 1174 1659 saepe
1207 1601 1440 1658 passum
1479 1582 1659 1641 fuisse
1686 1602 1721 1640 a
1740 1583 1901 1659 jacto
1942 1583 2145 1642 mundi
2172 1582 2545 1642 fundamento
2602 1585 2707 1643 sed

301 1683 454 1722 nunc
511 1662 692 1722 semel
745 1662 806 1719 in
865 1661 1360 1720 consummatione
1415 1662 1755 1720 saeculorum
1811 1668 1873 1728 ὐς
1914 1663 2129 1726 aicium
2174 1665 2428 1744 ἑμιςτὺις
2482 1661 2565 1721 διὰ
2621 1669 2711 1724 τοῦ

290 1744 476 1807 θυσίας
537 1747 692 1800 ἄντοῦ
717 1741 904 1800 fectus
949 1751 1038 1800 est
1084 1740 1482 1816 manifestus,”
1529 1739 1657 1813 δια,
1714 1743 1816 1800 ubi
1844 1753 1988 1820 quot
2016 1747 2369 1806 summer-ba
2413 1753 2500 1801 tot
2528 1743 2705 1802 fenne

298 1831 432 1882 sunt
487 1823 772 1881 rationum
815 1820 1089 1898 pondera.
1159 1823 1210 1878 1.
1243 1820 1473 1880 Oblatio
1531 1821 1746 1880 Christi
1800 1841 1917 1882 non
1972 1823 2123 1882 fecta
2177 1831 2267 1882 est
2308 1823 2563 1888 πολλάκις
2609 1823 2710 1882 sed

295 1903 520 1975 ἱροί-ηιξ,
567 1903 636 1960 Ε.
683 1921 803 1959 non
851 1901 912 1958 in
957 1901 1108 1960 coelo
1152 1899 1344 1958 sedin
1387 1919 1575 1959 cruce.
1660 1905 1716 1958 2.
1764 1901 1827 1960 Si
1876 1902 2139 1962 Christus
2166 1902 2380 1978 saepius
2416 1923 2477 1960 se
2506 1903 2713 1962 offerre

293 1981 610 2055 debuisset,
632 1981 842 2056 saepius
863 1979 1158 2038 debuisset
1185 1978 1322 2054 pati,
1357 1979 1426 2037 E.
1457 1979 1687 2038 oblatus
1714 1989 1805 2040 est
1830 2000 2009 2056 quum
2047 2001 2253 2058 passus
2286 1990 2391 2054 est,
2424 1982 2567 2040 alias
2595 2002 2711 2040 non

299 2059 637 2138 procederet
683 2065 1106 2135 argumentum.
1155 2060 1211 2115 3.
1243 2057 1392 2114 Tum
1437 2058 1809 2133 semetipsum
1838 2059 2049 2118 obtulit
2076 2061 2151 2116 ad
2172 2065 2470 2135 peccatum
2500 2080 2602 2136 per
2624 2062 2715 2120 sui

299 2133 1538 2293 {iiiffigssssssifflfflmwffifflnzffii‘
1575 2155 1758 2272 5¹:51ss
1777 2137 2719 2293 '‘530331523555221522‘331532

303 2315 474 2355 carne
521 2293 902 2371 intelligenda
947 2301 1008 2352 et
1053 2291 1340 2352 adventus
1386 2293 1448 2350 in
1485 2293 1785 2368 mundum,
1818 2293 1889 2352 de
1934 2315 2049 2372 quo
2103 2299 2131 2353 1
2186 2295 2335 2354 Tim.
2384 2295 2465 2354 iii.
2520 2299 2613 2356 16.
2659 2301 2717 2358 4.

309 2374 640 2434 Similitudo
668 2393 841 2450 quam
867 2373 1032 2432 addit
1061 2371 1268 2449 Apost.
1301 2373 1605 2432 manifeste
1634 2373 2083 2432 immolationem
2112 2374 2189 2434 ed
2214 2383 2457 2434 mortem
2484 2377 2721 2436 restrin-

306 2456 410 2534 git,
457 2473 578 2514 ver.
623 2458 718 2530 27,
769 2453 982 2514 frustra
1033 2452 1188 2511 enim
1236 2452 1523 2512 diceretur
1563 2453 1783 2512 oblatio
1833 2454 2046 2514 Christi
2094 2455 2271 2514 semel
2318 2455 2471 2514 facta
2518 2456 2721 2516 eodem

304 2535 478 2594 modo
526 2555 642 2612 quo
700 2534 966 2593 omnibus
1019 2541 1298 2592 statutum
1359 2542 1446 2593 est
1475 2543 1540 2593 ut
1598 2535 1775 2594 semel
1833 2535 2165 2610 moriantur,
2206 2535 2319 2594 nisi
2374 2535 2435 2593 in
2483 2557 2599 2594 una
2620 2537 2722 2595 issa

307 2615 522 2675 Christi
569 2623 750 2674 morte
799 2622 1029 2692 peracta
1083 2611 1305 2672 fuisset.
1345 2616 1403 2672 5.
1448 2613 1612 2672 Tunc
1640 2614 1873 2674 oblatus
1896 2616 2222 2674 censendus
2252 2615 2515 2675 Christus
2540 2637 2719 2692 quum

309 2695 550 2754 abstulit
593 2704 830 2772 peccata
869 2702 1082 2766 nostre,
1107 2693 1390 2770 siquidem
1413 2695 1474 2750 in
1503 2713 1637 2752 eum
1678 2693 1853 2752 finem
1898 2695 2127 2753 oblatus
2174 2695 2385 2753 dicitur
2420 2701 2482 2760 ιὶς
2508 2701 2565 2752 «τὶ
2592 2712 2722 2754 πλ-

307 2779 408 2833 λῖν
423 2781 678 2846 buum-iv
703 2776 994 2854 ὀμςτὼςς
1027 2771 1112 2832 At
1157 2773 1346 2831 hocin
1370 2793 1543 2831 cruce
1569 2781 1629 2831 et
1648 2782 1835 2831 morte
1852 2773 2135 2848 praestitit.
2170 2777 2197 2830 l
2234 2773 2358 2831 Pet.
2388 2774 2447 2830 ii.
2479 2779 2575 2833 24.

391 2855 614 2912 XXII.
670 2853 902 2927 Quinto,
963 2851 1303 2910 Adstruitur
1356 2851 1558 2909 eadem
1614 2851 1835 2910 veritas
1888 2871 2003 2909 non
2047 2853 2239 2910 minus
2292 2852 2593 2910 evidenter
2647 2873 2724 2912 ex

307 2953 356 2990 c.
391 2954 449 2990 x.
481 2953 598 2990 ver.
633 2934 726 3005 10,
763 2935 854 3005 12,
897 2931 996 2989 ubi
1027 2929 1234 3005 Apost.
1269 2929 1372 3003 ait,
1427 2933 1463 2963 “
1487 2931 1610 2988 Nos
1643 2929 1753 2986 hac
1788 2929 2087 2988 voluntate
2130 2929 2343 2988 Christi
2374 2931 2723 2991 sanctificari

312 3029 412 3086 per
454 3010 804 3068 oblationem
853 3008 1108 3086 corpo-ris
1133 3007 1352 3066 Christi
1395 3009 1570 3066 semel
1616 3007 1843 3080 factam,
1874 3016 1934 3066 et
1976 3007 2139 3066 illum
2186 3028 2303 3066 una
2336 3029 2441 3086 pro
2468 3011 2721 3086 peccetis

305 3089 504 3148 oblatu.
547 3089 800 3162 victima,
855 3089 916 3146 in
973 3095 1310 3164 perpetuum
1369 3086 1700 3146 consedisse
1755 3087 1836 3145 ad
1880 3086 2177 3146 dexteram
2222 3088 2392 3146 Dei.'’
2479 3090 2573 3147 Ex
2630 3091 2722 3150 his

309 3169 463 3226 enim
493 3169 692 3244 liquet,
739 3168 792 3226 1.
825 3167 1016 3226 Unius
1061 3165 1314 3224 victimae
1361 3165 1713 3225 oblationem
1742 3167 1955 3244 opponi
2009 3168 2249 3226 sessioni
2294 3173 2361 3234 εἰς
2400 3174 2456 3227 τὶ
2510 3167 2723 3237 λευκὴ.

315 3249 400 3308 At
448 3249 494 3306 si
546 3247 761 3306 oblatio
818 3245 1032 3306 Christi
1077 3244 1418 3304 consisteret
1457 3246 1518 3304 in
1553 3246 1687 3323 jugi
1732 3245 2144 3323 competitione
2194 3248 2411 3308 Christi
2456 3250 2532 3308 ad
2582 3251 2725 3309 dex·

311 3336 456 3386 tram
495 3328 602 3386 Dei
641 3347 744 3404 pro
788 3325 974 3399 nobis,
1025 3343 1141 3383 non
1193 3325 1443 3402 amplius
1485 3325 1635 3385 foret
1678 3327 1775 3403 μἰι
1800 3329 1976 3400 Smin,
2014 3327 2119 3384 sed
2164 3329 2323 3386 θυσία
2370 3349 2531 3406 aeque
2560 3336 2621 3396 εἰς
2668 3336 2724 3390 τὶ

313 3405 526 3480 διφυεῖς,
555 3429 626 3466 ac
674 3407 800 3484 ipsa
841 3406 968 3482 ejus
1017 3405 1198 3464 sessio
1239 3405 1317 3463 ad
1364 3406 1661 3465 dexteram
1712 3407 1842 3466 Dei.
1927 3411 1983 3466 2.
2030 3407 2161 3466 Non
2203 3417 2338 3468 ante
2394 3411 2725 3470 consedisse

317 3490 608 3548 Christum
655 3487 732 3544 ad
759 3486 1057 3546 dexteram
1097 3484 1289 3544 Petris
1329 3495 1703 3562 regnaturum
1740 3487 1800 3544 in
1848 3495 2127 3546 oeternum
2150 3507 2325 3564 quam
2372 3489 2569 3548 oblata
2608 3510 2727 3549 una

313 3569 416 3626 ill-a
461 3587 565 3644 pro
609 3566 861 3643 peccatis
909 3564 1164 3636 victima,
1211 3564 1328 3638 Qui
1366 3566 1576 3642 poterit
1625 3587 1765 3626 vero
1810 3567 2031 3626 oblatio
2078 3567 2255 3644 hujus
2296 3569 2549 3628 victimae
2576 3588 2721 3646 pres-

311 3647 556 3706 cessisse
583 3646 902 3704 sessionem
929 3644 1146 3704 christi
1173 3644 1250 3702 ed
1273 3644 1540 3704 dextram
1575 3645 1705 3721 Dei,
1756 3645 2017 3723 adeoque
2060 3647 2191 3724 ejus
2240 3648 2633 3706 ascensionem
2664 3649 2725 3706 in

315 3725 543 3800 coelum,
571 3726 742 3802 cujus
768 3724 870 3784 ille
896 3723 1006 3784 fuit
1033 3725 1312 3784 terminus
1339 3724 1415 3782 sd
1437 3743 1633 3800 quem,
1664 3725 1805 3802 quin
1830 3725 1987 3784 facta
2014 3725 2187 3786 fuerit
2212 3726 2273 3784 in
2302 3726 2428 3803 ipsa
2455 3727 2722 3803 passione

315 3812 376 3864 et
401 3808 610 3864 cruce?
691 3805 895 3882 Neque
923 3804 1082 3864 eliud
1111 3804 1222 3863 sibi
1249 3803 1378 3862 vult
1403 3804 1558 3862 idem
1589 3803 1819 3881 Apost.,
1864 3825 1915 3863 c.
1946 3805 1983 3864 i.
2014 3808 2073 3874 3,
2100 3825 2278 3881 quum
2320 3814 2567 3865 testatur
2594 3825 2727 3866 eum

314 3903 430 3943 non
462 3885 622 3961 prius
646 3884 980 3943 ascendisse
1009 3885 1068 3942 in
1097 3883 1304 3942 coelum
1337 3902 1510 3959 quam
1567 3885 1602 3916 ‘⁴
1626 3884 1779 3942 facta
1813 3903 1917 3961 per
1940 3885 2315 3962 semetipsum
2360 3895 2727 3962 peccatorum

313 3972 638 4022 nostrorum
667 3963 1069 4042 purgatione,’'
1097 3961 1228 4037 δῖα,
1259 3983 1309 4021 c.
1339 3963 1418 4022 ix.
1471 3965 1562 4034 12,
1594 3982 1711 4022 non
1738 3972 1875 4022 ante
1919 3965 2245 4040 ingressum
2292 3985 2420 4023 esse
2448 3965 2509 4022 in
2536 3985 2725 4024 sacra-

315 4045 462 4102 rium
493 4063 666 4120 quam
694 4053 968 4103 aeternam
997 4041 1476 4120 Redemptionem
1501 4041 1749 4119 adeptus
1776 4053 1947 4102 esset.
1994 4043 2129 4102 Scio
2156 4063 2419 4120 regerere
2448 4045 2561 4113 hic,
2583 4045 2728 4105 istos

316 4122 602 4194 Aoristos
641 4131 974 4183 anteactum
1003 4131 1231 4200 tempus
1269 4129 1669 4195 conflictantes,
1694 4121 1931 4199 junctos
1955 4142 2091 4180 >cum
2119 4123 2315 4182 verbis
2352 4143 2469 4181 non
2500 4123 2722 4200 signifi-

311 4223 444 4262 care
469 4203 584 4262 duo
613 4204 941 4263 successive
985 4202 1138 4262 facta
1164 4221 1308 4276 esse,
1359 4201 1463 4260 sed
1490 4221 1669 4260 unum
1718 4210 1778 4260 et
1806 4202 1957 4260 idem
2008 4202 2179 4260 simul
2218 4211 2277 4261 et
2304 4204 2485 4261 semel
2510 4203 2726 4264 sactum

313 4283 656 4358 exprimere,
687 4284 769 4342 ita
795 4291 860 4342 ut
887 4282 1040 4342 idem
1069 4283 1162 4356 sit,
1196 4281 1403 4340 “tacta
1437 4282 1782 4358 purgatione
1828 4288 2193 4356 peecatorum
2238 4291 2561 4342 nostrorum
2592 4303 2728 4341 con·

315 4363 526 4436 sedit,”
555 4363 714 4439 quod
743 4361 1163 4422 “consedendo
1189 4361 1266 4420 ad
1293 4359 1556 4420 dextram
1589 4361 1701 4420 Dei
1750 4360 1887 4420 fecit
1932 4362 2335 4438 purgationem
2361 4371 2723 4439 peccatorum

315 4444 699 4503 nostrorum.”
745 4441 880 4518 Sed,
912 4442 1112 4520 primo,
1141 4441 1270 4500 haec
1291 4441 1592 4518 responsio
1622 4441 1873 4518 ipsorum
1906 4441 2118 4518 placita
2162 4443 2455 4501 convellit.
2500 4443 2649 4501 Nam
2675 4444 2731 4502 si

317 4523 582 4582 Christus
609 4543 724 4581 non
773 4522 966 4582 minus
991 4541 1096 4599 pro
1125 4541 1188 4580 se
1231 4539 1404 4598 quam
1451 4540 1557 4598 pro
1584 4521 1753 4579 nobis
1794 4519 1997 4580 offerre
2028 4521 2245 4597 debuit,
2268 4531 2335 4582 ut
2359 4521 2729 4600 pertendunt,

311 4603 454 4679 quia
478 4603 910 4663 infirmitatibus
934 4609 1062 4662 eret
1103 4599 1490 4677 circumdatae,
1521 4600 1734 4662 obtulit
1770 4607 1963 4661 autem
2012 4610 2237 4662 tentum
2267 4623 2444 4680 quum
2482 4603 2557 4662 ad
2586 4602 2729 4664 dex·
