3234 5192
362 423 590 464 msru‘r.
621 401 780 484 xum]
987 421 1066 460 ns
1095 421 1569 464 sartsrscrmms
1598 423 1833 463 cnnrs'ri
1864 423 2181 464 vsnrrArn.
2668 410 2783 467 618

338 563 642 637 -Christus,
677 561 888 621 Matth.
921 561 1086 620 xxiii.
1117 564 1212 637 34¹,
1239 564 1334 638 35,
1357 583 1474 641 quo
1501 563 1750 641 pertinet
1778 563 1951 622 etiam
1992 565 2160 622 nubes
2186 565 2288 624 illa
2316 565 2531 624 testium
2558 567 2631 625 de
2660 587 2775 644 qua

363 643 591 719 Apost.,
627 643 780 700 Heb.
805 643 908 700 xii.
932 641 984 716 l,
1008 642 1108 719 qui
1137 644 1520 702 constantiam
1547 643 1682 702 fidei
1713 664 1831 704 suae
1860 645 1918 702 in
1942 643 2147 702 mediis
2176 645 2475 704 tormentis
2504 655 2563 705 et
2590 657 2773 706 morte

360 723 488 799 ipsa
528 731 648 782 tam
691 723 916 781 fortiter
955 722 1154 782 testati
1197 731 1370 782 sunt:
1415 723 1618 782 Fuerit
1646 743 1787 800 ergo
1816 723 2079 782 Christus
2101 725 2327 800 primus
2355 725 2545 784 Testis
2574 727 2772 786 ordine

360 803 646 878 diynitatis
675 811 733 861 et
761 811 998 877 natur-ce,
1031 801 1166 878 quia
1195 821 1394 861 omnes
1423 803 1482 861 in
1514 804 1744 862 Christo
1772 814 1831 862 et
1857 804 2089 862 nomine
2120 805 2248 881 ejus
2278 812 2412 864 sunt
2438 805 2635 880 locuti,
2666 805 2771 864 sed

362 883 560 941 ordine
589 883 854 958 temporis
883 882 998 941 dici
1026 881 1242 958 nequit,
1283 883 1396 941 nisi
1423 903 1458 941 a
1487 884 1672 943 salute
1710 883 2021 943 excludere
2048 885 2296 942 velimus
2324 893 2549 944 veteres
2575 895 2771 963 patres

245 997 252 1006 ·
361 963 462 1039 qui
499 982 603 1039 pro
640 963 754 1020 fide
791 963 962 1022 istius
999 962 1312 1022 testimonii
1341 963 1500 1024 obire
1529 983 1645 1020 non
1675 963 2082 1023 detrectarunt.
2168 964 2341 1023 Adde
2370 965 2524 1041 quod
2555 967 2771 1024 veritas

361 1043 675 1101 testimonii
716 1042 930 1120 pendet
966 1063 1003 1100 a
1035 1042 1278 1102 veritate
1307 1043 1407 1118 rei,
1439 1063 1556 1102 non
1583 1043 1661 1102 ab
1687 1043 1889 1102 ordine
1916 1046 2209 1122 temporis,
2239 1065 2354 1121 quo
2384 1047 2647 1121 primum,
2680 1065 2766 1104 se-

359 1123 629 1196 cundnm,
661 1133 762 1182 aut
789 1123 1166 1182 centesimum
1195 1121 1310 1180 dici
1351 1131 1558 1200 potest.
1646 1127 1701 1182 3.
1746 1124 2131 1184 Conseruntur
2157 1125 2485 1200 dissimilia3
2530 1135 2769 1184 exterma

351 1204 690 1276 praedicatio
719 1203 1030 1279 Evangelii
1071 1222 1200 1278 quae
1241 1222 1374 1279 pars
1416 1203 1526 1262 fuit
1565 1205 1820 1264 muneris
1851 1203 2181 1280 Prophetici
2208 1204 2424 1263 Christi
2450 1207 2639 1282 potuit
2664 1205 2767 1264 ad-

361 1282 588 1340 mittere
627 1283 921 1342 ministros
949 1291 1008 1340 et
1035 1283 1224 1340 socios
1251 1283 1452 1359 quales
1481 1284 1715 1344 fuerunt
1744 1285 2015 1361 Apostoli
2042 1293 2101 1343 et
2128 1283 2416 1358 Pastores,
2456 1285 2557 1362 qui
2596 1305 2763 1362 prop-

359 1370 516 1420 terea
553 1361 824 1421 dicuntur
858 1383 1088 1420 servare
1115 1362 1407 1422 auditores
1441 1383 1578 1421 suos
1605 1365 2057 1437 ministerialiter,
2104 1363 2207 1423 sed
2234 1365 2437 1422 oblatio
2465 1365 2555 1424 sui
2581 1365 2765 1442 ipsius

361 1461 462 1517 per
493 1442 769 1519 Spiritum
800 1450 1072 1501 aeternum
1105 1443 1166 1498 in
1205 1445 1438 1518 ἱλασμὸν,
1469 1463 1596 1520 quae
1627 1444 1735 1502 fuit
1761 1444 1913 1502 actio
1942 1444 2329 1518 sacerdotaliS,
2362 1453 2451 1504 est
2477 1445 2646 1521 plane
2678 1445 2763 1502 in-

358 1521 868 1596 communicabilis,
893 1521 1187 1580 adoranda
1207 1543 1323 1580 non
1351 1523 1645 1598 imitanda,
1671 1523 1808 1600 quia
1830 1523 2101 1601 supponit
2123 1525 2396 1583 virtutem
2418 1533 2475 1582 et
2496 1525 2763 1584 meritum

359 1601 622 1661 divinum
655 1612 715 1661 et
743 1602 1030 1660 infinitum
1059 1603 1214 1678 quod
1243 1603 1303 1660 in
1331 1604 1623 1662 hominem
1652 1623 1768 1661 non
1796 1604 1969 1663 cadit.
2056 1604 2320 1680 Denique
2360 1605 2625 1680 quamvis
2654 1606 2763 1664 hac

358 1681 418 1738 in
457 1691 618 1760 parte
655 1683 850 1758 aliqua
877 1690 1030 1740 esset
1059 1683 1272 1741 Christi
1300 1685 1687 1760 praerogativa
1722 1703 1897 1761 supra
1926 1684 2216 1760 Martyres
2244 1684 2305 1740 in
2334 1684 2765 1744 confirmatione

358 1761 634 1821 doctrinae
658 1771 716 1820 et
757 1764 1041 1839 exemplo,
1081 1761 1236 1839 quod
1273 1782 1390 1822 non
1427 1763 1753 1839 diffitemur,
1785 1773 2007 1824 mutare
2035 1764 2269 1841 quidem
2298 1773 2495 1842 posset
2516 1769 2765 1841 qradum

357 1842 461 1900 sed
489 1863 604 1900 non
631 1843 883 1918 speciem,
926 1863 1032 1902 nec
1059 1843 1194 1902 talis
1221 1851 1376 1902 esset
1402 1863 1534 1920 quae
1561 1853 1799 1903 caeteros
1828 1845 2092 1904 absolute
2120 1844 2195 1902 ab
2222 1843 2429 1903 iisdem
2456 1844 2762 1904 functioni-

355 1922 466 1981 bus
508 1923 860 1998 excluderet,
904 1922 1061 1999 quod
1099 1923 1236 1982 dum
1273 1923 1340 1981 fit
1367 1943 1482 1980 non
1511 1925 1691 1983 semel
1718 1945 1753 1982 a
1784 1925 2001 2001 Spiritu
2034 1924 2265 1999 SanctO,
2308 1934 2648 2001 argumento
2677 1933 2767 1984 est

357 2003 606 2078 aliquem
649 2003 826 2061 alium
867 2001 1040 2060 finem
1071 2001 1299 2060 Christo
1341 2004 1608 2062 morienti
1650 2005 2007 2080 propositum
2045 2003 2223 2062 fuisse
2252 2004 2349 2079 qui
2380 2006 2440 2060 in
2468 2003 2765 2081 Martyres

355 2082 560 2140 cadere
599 2101 713 2139 non
749 2090 991 2158 poterat,
1039 2081 1139 2156 qui
1175 2081 1324 2139 alius
1365 2101 1491 2139 esse
1533 2102 1653 2140 non
1688 2083 1877 2158 potuit
1916 2103 2089 2159 quam
2118 2083 2371 2158 expiatio
2399 2095 2763 2159 peccatorum

368 2170 716 2233 nostrorum,
749 2170 809 2218 et
828 2160 1074 2236 justitiae
1103 2159 1316 2218 divinae
1345 2159 1679 2220 satisfactiO.

437 2239 756 2298 XXXIV.
801 2245 855 2296 2.
903 2238 1118 2298 Absur.
1167 2239 1228 2296 Si
1258 2239 1522 2298 Christus
1569 2259 1687 2297 non
1734 2239 1849 2297 alio
1886 2239 2001 2297 fine
2045 2259 2216 2316 qnam
2246 2259 2361 2316 quo
2391 2240 2663 2298 statuitur
2690 2241 2763 2300 ab

357 2318 726 2378 Adversariis
755 2327 1016 2378 mortuus
1043 2317 1262 2393 fuisset,
1293 2317 1446 2377 idem
1477 2318 1715 2378 effectus
1744 2328 1803 2378 et
1842 2320 2145 2377 Miraculis
2172 2328 2231 2378 et
2270 2319 2408 2376 Vitae
2437 2319 2651 2379 Christi
2672 2340 2761 2380 as·

357 2399 576 2476 signari
619 2399 904 2476 potuisset
947 2418 1064 2456 non
1111 2399 1302 2458 minus
1340 2400 1766 2474 convenienter,
1799 2399 2085 2476 siquidem
2134 2401 2193 2457 in
2242 2399 2360 2457 illis
2408 2418 2524 2458 non
2553 2401 2760 2478 minus,

353 2480 470 2538 imo
499 2480 795 2556 aliquanto
825 2479 1010 2557 magis
1039 2498 1210 2556 quam
1241 2479 1300 2537 in
1327 2489 1510 2539 morte
1555 2480 1951 2540 testimonium
1978 2479 2269 2558 perhibuit
2318 2479 2594 2538 doctrinae
2623 2501 2759 2556 suae,

357 2569 418 2618 et
447 2561 506 2618 in
535 2561 663 2635 ista,
694 2562 996 2619 innumera
1025 2561 1364 2635 sanctitatis,
1397 2561 1693 2620 charitatis
1740 2568 1800 2619 et
1828 2561 2165 2620 constantiae
2195 2569 2253 2620 et
2282 2559 2415 2618 fidei
2444 2568 2505 2619 et
2530 2571 2765 2621 caetera-

355 2661 483 2698 rum
513 2642 794 2701 virtutum
843 2641 980 2700 data
1025 2649 1159 2700 sunt
1187 2642 1488 2718 exempla:
1531 2650 1592 2700 at
1618 2661 1727 2700 nec
1754 2641 2049 2700 miraculis
2077 2660 2185 2698 nec
2216 2641 2350 2698 vitae
2380 2640 2595 2700 Christi
2626 2642 2761 2700 sim-

355 2721 582 2797 pliciter
607 2722 836 2799 uspiam
863 2721 1040 2781 tribui
1091 2721 1602 2780 animadvertimus
1632 2721 2023 2798 expiationem
2052 2729 2109 2778 et
2136 2720 2531 2778 remissionem
2560 2741 2761 2796 pecca·

355 2811 561 2875 torum,
595 2801 700 2860 sed
726 2821 952 2877 semper
977 2801 1226 2860 mortiet
1247 2801 1533 2876 sanguini,
1565 2801 1719 2858 unde
1748 2801 1961 2876 passim
1991 2799 2217 2874 quoties
2246 2799 2318 2857 de
2347 2819 2415 2857 ea
2444 2819 2631 2858 sermo
2674 2810 2764 2860 est

353 2881 570 2938 mentio
611 2881 678 2938 fit
721 2880 932 2943 mortis
969 2880 1158 2940 crucis
1186 2888 1245 2938 et
1288 2879 1625 2955 sanguinis;
1674 2879 2061 2954 Evangelium
2106 2878 2317 2936 dicitur
2351 2899 2535 2936 sermo
2562 2881 2759 2953 cmcz's,

356 2963 385 3016 l
421 2959 549 3016 Cor.
581 2959 617 3016 i.
654 2961 744 3033 18,
779 2959 1116 3034 Baptismus
1143 2960 1208 3016 fit
1234 2959 1296 3016 in
1337 2969 1579 3016 mortem
1624 2957 1855 3030 Christi,
1889 2957 2059 3014 Rom.
2092 2957 2169 3014 vi.
2202 2960 2256 3030 3,
2290 2957 2659 3017 Eucharistia
2686 2959 2761 3017 ad

357 3038 558 3096 mortis
589 3039 921 3096 memoriam
949 3047 1008 3096 et
1029 3037 1142 3095 fusi
1193 3037 1492 3112 sanguinis
1540 3047 1973 3094 monumentum
2019 3035 2277 3109 refertur,
2326 3041 2354 3093 l
2392 3038 2519 3096 Cor.
2552 3038 2631 3096 xi.
2664 3041 2759 3098 26.

359 3119 476 3176 Cur
494 3136 631 3174 vero
661 3117 834 3189 istud,
856 3116 968 3174 nisi
997 3117 1228 3194 propria
1249 3117 1513 3192 quaedam
1536 3115 1917 3174 intercederet
1939 3115 2246 3174 causalitas
2264 3117 2324 3173 in
2340 3126 2525 3178 morte
2550 3119 2763 3178 Christi

349 3198 426 3256 ad
455 3197 578 3254 haec
625 3195 902 3255 beneficia
949 3197 1116 3254 nobis
1143 3194 1504 3272 procuranda
1522 3199 1550 3254 Ρ
1632 3195 1873 3272 Excipit
1900 3194 2163 3270 Crellius,
2196 3195 2497 3254 Miraculis
2525 3198 2757 3275 quidem

351 3278 537 3354 magis
567 3277 958 3334 confirmatam
989 3275 1164 3333 fnisse
1193 3275 1512 3334 doctrinam
1557 3277 1875 3353 generatim
1918 3275 2355 3352 consideratam,
2387 3277 2489 3336 sed
2518 3289 2759 3338 mortem

351 3357 698 3434 peculiarem
725 3357 996 3415 habuisse
1025 3356 1488 3432 conjunctionem
1517 3375 1649 3414 cum
1690 3356 2025 3414 remissione
2054 3365 2435 3433 peccatorum,
2468 3358 2759 3418 Christum

351 3437 504 3496 enim
534 3439 791 3514 potuisse
837 3437 1121 3513 stupenda
1170 3437 1446 3496 miracula
1495 3436 1665 3496 edere
1695 3437 1845 3495 sicut
1876 3437 2073 3494 Moses
2100 3446 2158 3496 et
2187 3437 2268 3494 nil
2291 3438 2401 3496 nisi
2432 3438 2617 3498 minas
2649 3440 2761 3498 Dei

355 3518 584 3575 nomine
611 3526 678 3576 ut
705 3519 758 3576 ei
786 3537 986 3594 parere
1035 3516 1318 3576 vellemus
1361 3537 1699 3594 proponere,
1732 3527 1793 3576 at
1818 3517 1942 3575 fieri
1971 3535 2089 3574 non
2115 3517 2371 3593 potuisse
2400 3526 2466 3576 ut
2496 3519 2759 3578 Christus

351 3598 687 3674 unigenitus
737 3597 848 3655 Dei
879 3596 1030 3656 filius
1079 3605 1394 3654 moreretur
1441 3598 1518 3656 ad
1545 3597 1865 3656 doctrinam
1896 3617 2059 3655 snam
2082 3605 2141 3656 et
2168 3598 2370 3655 salutis
2400 3598 2553 3655 viam
2584 3600 2643 3656 in
2690 3620 2760 3658 ea

351 3677 703 3753 propositam
725 3677 1194 3750 confirmandam,
1226 3677 1366 3754 quin
1395 3677 1566 3736 simul
1595 3677 1803 3755 ingens
1848 3677 1956 3734 Dei
1985 3697 2125 3752 erga
2152 3685 2483 3753 peccatores
2510 3678 2760 3738 charitas

349 3765 650 3833 appareret
677 3765 736 3814 et
765 3757 846 3816 sic
875 3766 1032 3815 certa
1061 3777 1192 3833 spes
1213 3757 1566 3816 remissionis
1584 3757 1645 3814 in
1666 3756 1875 3815 animis
1892 3757 2105 3814 nostris
2124 3757 2391 3830 oriretur;
2422 3757 2571 3815 adde
2602 3759 2757 3833 quod

351 3845 536 3894 morte
566 3835 780 3894 Christi
829 3837 1123 3895 nominata
1165 3857 1318 3912 saepe
1363 3837 1853 3913 comprehendant
1906 3837 1964 3894 S.
2020 3837 2329 3913 Scripturas
2357 3856 2487 3913 quae
2516 3847 2757 3897 mortem

354 3916 568 3974 Christi
598 3924 733 3974 sunt
760 3926 1084 3989 consecuta,
1117 3917 1272 3993 quod
1299 3916 1594 3974 miraculis
1622 3935 1739 3974 non
1768 3916 2058 3993 competit.

436 3995 722 4054 XXXV.
769 3997 965 4074 Resp.,
1029 3996 1146 4056 Sed
1191 3996 1316 4054 haec
1361 3997 1627 4072 exceptio
1677 3997 1795 4054 vim
1827 3995 2152 4073 argumenti
2180 3994 2626 4072 haudquaquam
2655 3996 2756 4054 eli-

351 4077 453 4150 dit,
485 4093 618 4132 nam
649 4076 698 4133 si
725 4097 880 4136 mors
910 4077 1123 4136 Christi
1151 4076 1295 4133 nihil
1343 4076 1502 4135 aliud
1543 4075 1745 4135 debuit
1772 4095 1945 4152 quam
1976 4075 2295 4134 doctrinam
2325 4074 2397 4133 de
2424 4076 2761 4136 remissione

351 4165 716 4233 peccatorum
739 4165 799 4215 et
821 4157 1004 4216 salute
1027 4155 1362 4215 confirmare
1385 4165 1444 4214 et
1465 4155 1789 4233 obsignare,
1810 4156 2027 4214 nullam
2048 4154 2251 4213 habuit
2272 4155 2615 4231 peculiarem
2640 4157 2759 4232 σχέ-

354 4262 424 4294 m
453 4235 527 4293 ad
569 4237 680 4294 hoc
727 4256 902 4312 supra
930 4236 1222 4310 miracula,
1273 4236 1388 4292 imo
1433 4236 1711 4294 miracula
1739 4235 2011 4294 videntur
2038 4235 2287 4310 idipsum
2318 4235 2613 4310 aliquanto
2643 4237 2759 4294 cla·

351 4317 470 4374 rius
499 4315 941 4390 demonstrasse,
973 4324 1040 4375 ut
1059 4315 1352 4390 colligitur
1369 4335 1446 4374 ex
1465 4315 1676 4375 Matth.
1702 4316 1788 4373 ix.
1822 4317 1875 4388 6,
1908 4319 1963 4388 7,
1996 4319 2050 4386 8,
2076 4315 2175 4372 ubi
2207 4314 2468 4373 Christus
2490 4336 2564 4374 ex
2594 4336 2759 4376 sana·

351 4397 508 4455 tione
537 4397 842 4472 paralytici.
863 4395 1070 4472 probat
1115 4403 1456 4472 potestatem
1489 4405 1546 4452 et
1580 4396 1683 4471 jus
1710 4414 1876 4453 suum
1906 4393 2235 4452 remittendi
2278 4405 2527 4470 peccata,
2560 4396 2761 4454 invisi·-

353 4476 470 4534 bile
500 4497 574 4534 ex
604 4476 823 4534 visibili
847 4497 862 4552 ;
911 4479 945 4510 “
965 4485 1030 4534 ut
1077 4485 1266 4534 autem
1320 4475 1516 4534 sciatis
1565 4474 1975 4533 authoritatem
2023 4474 2235 4532 habere
2284 4473 2465 4532 filium
2511 4477 2761 4536 hominis

353 4557 414 4615 in
443 4564 596 4615 terra
621 4557 953 4615 remittendi
970 4564 1223 4633 peccata,
1251 4565 1388 4614 tunc
1409 4555 1551 4614 dicit
1569 4554 1905 4632 paralyti00‚
1932 4573 2105 4630 surge
2126 4554 2327 4614 attolle
2354 4555 2565 4614 lectum
2597 4565 2760 4617 tuum

353 4645 412 4695 et
441 4637 538 4696 abi
566 4637 802 4696 domum
831 4637 1049 4696 tuam.’'
1125 4636 1222 4696 Sic
1249 4635 1310 4694 in
1339 4644 1522 4695 morte
1553 4635 1825 4695 Centurio
1854 4642 1915 4694 et
1961 4635 2155 4694 caeteri
2182 4635 2449 4694 custodes
2479 4637 2764 4713 colligunt

355 4717 673 4777 Christum*
695 4737 822 4776 esse
867 4737 1002 4775 vere
1053 4716 1268 4775 Filium
1320 4717 1430 4774 Dei
1459 4737 1532 4774 ex
1580 4725 1749 4776 terrae
1776 4723 1934 4774 motu
1964 4723 2025 4775 et
2050 4715 2179 4774 aliis
2209 4715 2518 4793 miraculis,
2552 4717 2760 4777 Matth.
