3234 5192
305 381 510 424 nsrur.
541 363 698 444 xva]
929 381 1008 422 ns
1037 381 1516 425 sarisnc‘rroms
1543 382 1783 424 camsi-1
1826 382 2145 424 vamur-s.
2596 367 2711 423 535

305 526 422 585 tale
451 525 591 603 quid
632 525 693 583 in
741 525 930 602 seipso
972 533 1246 602 expertus
1287 533 1393 600 est,
1423 544 1557 584 nam
1586 533 1651 586 ut
1692 525 1912 603 duplex
1953 525 2246 603 objectum
2277 523 2492 583 Christi
2520 523 2713 582 animo

309 626 434 665 sese
453 606 768 683 ingerebat,
783 605 983 683 primo,
999 625 1154 664 mors
1175 606 1276 664 illa
1296 607 1604 665 maledicta
1613 615 1673 665 et
1688 607 1880 684 passio
1902 605 1977 664 ad
1994 625 2167 683 quam
2189 605 2483 664 ferendam
2502 605 2715 662 missus

309 685 510 761 fuerat,
543 685 750 744 deinde
779 695 1022 744 eventus
1051 696 1110 745 et
1148 685 1282 744 finis
1315 686 1648 746 laetissimus
1676 687 1777 764 qui
1804 685 2119 763 promissus
2148 693 2286 760 erat,
2319 686 2532 744 malum
2567 704 2713 760 prae-

311 786 443 826 sens
491 775 550 826 et
591 766 898 838 imminens
947 767 1371 844 gravissimum,
1403 774 1462 825 et
1505 766 1750 825 victoria
1777 775 1934 824 certa
1961 773 2019 825 et
2063 765 2495 842 gloriosissima,
2526 763 2713 842 dupli-

311 867 436 905 cem
479 847 652 906 etiam
701 845 968 905 affectum
1011 847 1072 903 in
1113 847 1240 924 ipso
1269 847 1564 921 excitavit,
1617 844 1752 904 inde
1796 845 2016 905 timoris
2044 855 2103 904 et
2129 845 2395 920 tristitiae,
2426 846 2563 903 hinc
2592 843 2717 922 spei

311 935 370 986 ct
396 926 624 985 fiduciae
648 950 662 1002 ;
695 946 823 986 cum
854 927 1006 985 enim
1035 927 1095 985 in
1124 927 1338 985 malum
1367 925 1707 1004 impendens
1736 927 1934 985 oculos
1970 925 2318 1000 reflectebat,
2350 946 2466 984 non
2492 933 2717 1002 poterat

311 1027 430 1066 non
471 1007 672 1066 timere
713 1016 772 1065 et
813 1007 1184 1081 consternari,
1216 1006 1453 1065 videbat
1480 1007 1693 1084 quippe
1734 1014 1977 1065 mortem
2006 1016 2066 1065 et
2092 1015 2333 1066 mortem
2371 1005 2716 1064 dirissimam

311 1086 422 1164 ipsi
451 1097 725 1164 paratam,
759 1095 818 1145 at
845 1107 974 1144 cum
1004 1085 1158 1145 idem
1186 1085 1522 1146 attendebat
1549 1087 1625 1144 ad
1645 1086 1819 1145 finem
1846 1087 2197 1164 passionum,
2229 1095 2288 1145 et
2315 1085 2541 1145 consilii
2569 1083 2714 1142 divi-

313 1168 374 1224 ni
403 1167 942 1240 immutabilitatem,
975 1167 1446 1244 praevidebatque
1488 1167 1633 1224 adeo
1675 1175 1734 1226 et
1775 1167 2075 1226 victoriam
2105 1187 2276 1244 quam
2324 1174 2717 1244 reportaturus

315 1255 438 1305 erat
465 1245 536 1304 de
569 1246 819 1304 Diabolo
846 1255 905 1304 et
931 1257 1132 1320 morte,
1165 1253 1224 1304 et
1263 1247 1716 1325 redemptionem
1744 1267 1918 1324 quam
1948 1247 2333 1324 acquisiturus
2362 1255 2485 1305 erat
2514 1246 2714 1305 Eccle-

317 1327 434 1400 siae,
467 1346 582 1383 non
611 1333 836 1404 poterat
861 1347 978 1384 non
1001 1327 1062 1383 in
1103 1346 1263 1404 spem
1291 1327 1440 1404 erigi
1481 1335 1539 1386 et
1580 1327 1797 1402 loetari3
1830 1327 1965 1386 hinc
1992 1327 2058 1386 fit
2099 1334 2166 1385 ut
2192 1327 2253 1384 in
2282 1327 2391 1385 hoc
2418 1347 2605 1404 agone
2632 1325 2714 1384 al-

313 1413 606 1465 ternantes
634 1415 692 1464 et
734 1405 844 1463 sibi
887 1406 1136 1466 invicem
1177 1407 1550 1466 succedentes
1591 1407 1698 1466 hos
1740 1407 1979 1467 affectus
2021 1406 2263 1465 subinde
2306 1407 2623 1480 videamus,
2670 1405 2720 1463 si

315 1485 481 1546 timet
526 1495 584 1544 et
627 1485 861 1561 angitur
904 1506 1032 1544 cum
1079 1487 1224 1564 petit
1272 1487 1507 1546 calicem
1559 1489 1859 1562 removeri,
1905 1496 1965 1546 at
1994 1486 2231 1546 confidit
2276 1486 2469 1545 statim
2498 1507 2629 1546 cum
2658 1487 2718 1545 in

313 1565 676 1642 beneplacito
707 1566 896 1624 Patris
930 1567 1260 1644 acquiescit,
1293 1567 1342 1625 si
1386 1567 1577 1626 fremit
1605 1589 1737 1626 cum
1766 1568 2024 1645 queritur
2052 1587 2113 1626 se
2142 1588 2177 1626 a
2208 1567 2333 1625 Deo
2362 1567 2716 1641 derelictum,

314 1654 375 1704 at
403 1666 563 1724 spem
593 1646 748 1704 illico
775 1645 969 1724 prodit
995 1667 1126 1706 cum
1171 1648 1358 1705 Deum
1403 1668 1569 1706 suum
1599 1649 1907 1726 compellat
1934 1657 1993 1708 et
2021 1648 2283 1726 spiritum
2315 1667 2480 1706 suum
2509 1647 2567 1704 in
2596 1667 2719 1705 ma-

313 1746 424 1785 nus
453 1727 580 1804 ejus
610 1728 972 1786 commendat
997 1749 1011 1787 :
1059 1726 1176 1787 Sed
1216 1747 1347 1786 cum
1397 1727 1666 1789 instantis
1693 1728 1831 1787 mali
1859 1729 2135 1805 cogitatio
2162 1727 2415 1786 animum
2458 1728 2613 1788 subit
2640 1729 2723 1787 ita

313 1814 472 1866 totus
499 1817 811 1884 occupatur
839 1807 1066 1866 animus
1106 1815 1172 1866 ut
1213 1827 1282 1867 co
1323 1817 1614 1868 momento
1657 1810 1809 1868 circa
1850 1809 2092 1867 aliorum
2134 1808 2488 1886 objectorum
2519 1829 2720 1886 appre-

314 1887 650 1946 hensionem
678 1888 954 1964 quiescat,
986 1888 1120 1946 hinc
1149 1907 1278 1946 cum
1308 1889 1405 1958 ait,
1437 1889 1576 1947 Joh.
1607 1889 1709 1948 xii.
1741 1893 1836 1964 27,
1885 1892 2091 1947 “nunc
2119 1889 2311 1946 anima
2336 1908 2465 1946 mea
2492 1889 2724 1948 turbata

317 1977 422 2041 est,
456 1968 631 2026 Pater
657 1967 799 2045 quid
827 1968 1013 2026 dicam
1034 1969 1100 2026 1²²¹
1131 1968 1356 2026 animus
1385 1968 1446 2025 in
1473 1969 1635 2025 illam
1662 1970 1762 2027 irae
1805 1969 2043 2026 infinitas
2074 1968 2483 2044 cogitationem
2512 1969 2593 2028 ita
2622 1969 2719 2028 de·
2806 1976 2814 1987 ’

317 2047 470 2105 fixus
499 2057 587 2106 est
615 2057 680 2105 ut
708 2047 952 2124 singulae
983 2046 1284 2105 facultates
1310 2066 1414 2123 pro
1459 2067 1520 2105 se
1560 2048 1707 2105 nihil
1751 2049 2076 2122 decernant,
2108 2047 2210 2105 sed
2252 2057 2375 2105 toto
2403 2047 2723 2126 interrupto

316 2147 627 2203 progressu
653 2126 951 2184 fluctuent.
983 2127 1077 2184 Ita
1104 2145 1234 2184 cum
1263 2125 1407 2202 petit
1433 2125 1665 2183 liberari
1693 2127 1767 2184 ab
1794 2126 1903 2185 hac
1923 2127 2065 2184 hora
2082 2135 2141 2184 et
2160 2127 2443 2184 removeri
2464 2128 2721 2204 calicem,

318 2226 448 2264 cum
469 2227 529 2263 se
553 2205 888 2264 derelictum
912 2224 1038 2263 esse
1067 2213 1268 2281 postea
1295 2203 1661 2279 vociferatur,
1692 2205 1753 2262 in
1781 2205 1882 2263 illa
1910 2205 2105 2264 eadem
2140 2205 2489 2282 cogitatione
2519 2207 2600 2265 ita
2626 2228 2720 2268 oc-

317 2293 562 2362 cupatur
587 2293 652 2343 ut
681 2285 740 2342 in
761 2303 936 2342 unam
957 2294 1178 2362 partem
1197 2293 1355 2344 totus
1383 2304 1649 2361 vergens-³,
1674 2305 1821 2362 pene
1846 2285 1955 2344 sibi
1978 2285 2321 2363 persuadeat
2338 2285 2410 2344 de
2440 2307 2501 2344 se
2529 2298 2722 2347 actum

317 2383 462 2436 esse,
492 2385 598 2424 nec
625 2364 750 2424 fieri
779 2385 946 2442 posse
976 2373 1040 2423 ut
1085 2373 1304 2424 tantum
1347 2363 1574 2442 pondus
1603 2366 1885 2425 sustineat
1909 2389 1923 2425 :
1968 2366 2099 2425 Non
2127 2375 2321 2424 tamen
2349 2367 2409 2424 in
2436 2367 2539 2425 illa
2567 2369 2723 2447 cogi-

317 2447 534 2505 tatione
564 2446 646 2504 ita
674 2446 841 2504 haesit
869 2445 1008 2522 quin
1036 2466 1176 2504 mox
1205 2446 1422 2505 invicta
1451 2465 1582 2523 spes
1610 2446 1774 2504 illum
1807 2446 2069 2524 erigeret,
2104 2447 2255 2505 idem
2286 2447 2437 2505 enim
2468 2449 2568 2526 qui
2597 2470 2723 2527 per·

318 2527 513 2586 culsus
534 2530 570 2560 “
591 2527 774 2584 libera
799 2526 952 2602 me,”
985 2527 1173 2604 inquit
1217 2530 1252 2560 “
1275 2548 1348 2586 ex
1378 2528 1487 2586 hac
1515 2528 1718 2603 hora,''
1750 2527 1953 2586 eodem
1984 2535 2239 2606 tempore
2268 2528 2523 2606 subjicit,
2560 2531 2596 2562 ‘⁴
2620 2529 2723 2589 sed

316 2617 620 2685 propterea
661 2607 794 2666 veni
837 2607 896 2664 in
945 2607 1094 2666 hanc
1135 2607 1394 2682 horam‚''
1440 2609 1542 2684 qui
1569 2615 1659 2666 ter
1694 2609 1839 2685 petit
1868 2617 1931 2667 ut
1958 2607 2335 2668 transferatur
2362 2609 2533 2684 calix,
2565 2610 2729 2670 addit

321 2690 515 2747 statim
562 2691 596 2722 “
622 2707 736 2746 non
765 2689 916 2746 sicut
943 2687 1096 2762 vo10,
1123 2687 1226 2746 sed
1248 2689 1397 2746 sicut
1424 2695 1488 2746 tu
1516 2687 1609 2745 vis
1650 2687 1807 2763 fiat,”
1852 2689 1955 2766 qui
1981 2689 2194 2746 clamat
2235 2707 2295 2746 se
2323 2688 2662 2748 derelictum
2690 2709 2727 2748 a

323 2769 466 2843 Deo,
513 2769 666 2827 idem
695 2777 888 2826 tamen
917 2767 994 2824 ad
1024 2767 1212 2826 Deum
1245 2777 1308 2826 ut
1348 2775 1568 2845 patrem
1601 2768 1907 2844 Deumque
1937 2787 2105 2826 suum
2132 2765 2373 2826 accedit.
2424 2768 2595 2827 Unde
2624 2789 2723 2846 pa·

319 2857 404 2984 {et
431 2847 721 2984 qiipmodo
753 2847 1020 2906 Christus
1057 2856 1115 2905 et
1157 2846 1358 2906 timere
1401 2845 1653 2924 potuerit
1694 2856 1752 2905 et
1790 2847 1927 2924 angi
1956 2846 2094 2905 dum
2124 2857 2281 2906 certa
2308 2865 2439 2924 spes
2468 2849 2726 2908 victorias
2810 2873 2820 2878 ·

347 2938 476 2986 aeta
531 2933 708 2985 uerat.

404 3006 619 3062 XXV.
663 3004 859 3063 Tertio
888 3004 1180 3081 quaeritur,
1215 3003 1516 3078 Quomodo
1547 3004 1812 3063 Christus
1830 3005 2117 3082 ejusmodi
2138 3025 2337 3082 preces
2369 3007 2495 3065 Deo
2524 3006 2726 3067 offerre

323 3085 572 3162 potuerit
601 3103 729 3160 quse
757 3095 952 3160 aperte
979 3084 1252 3142 videntur
1279 3083 1520 3142 consilio
1549 3091 1607 3141 et
1628 3084 1917 3143 voluntati
1944 3085 2157 3144 divinae
2184 3104 2522 3163 repugnare,
2555 3097 2726 3165 atque

324 3163 469 3223 adeo
526 3163 726 3241 pietati
780 3171 837 3221 et
883 3162 1224 3222 obedientiae
1272 3181 1442 3240 quam
1493 3163 1643 3241 patri
1689 3165 2151 3225 constantissime
2180 3167 2445 3226 exhibuit
2464 3169 2494 3225 ?
2576 3169 2730 3243 Quid

326 3245 474 3303 enim
498 3247 528 3304 ?
567 3263 757 3302 nonne
785 3251 1088 3321 propterea
1115 3251 1284 3302 natus
1313 3250 1436 3301 erat
1463 3253 1520 3302 et
1549 3244 1833 3304 mediator
1858 3245 2043 3304 factus
2086 3255 2150 3306 ut
2178 3247 2413 3306 calicem
2442 3247 2597 3307 hunc
2624 3269 2729 3327 pro

327 3326 510 3384 salute
533 3332 731 3384 nostra
759 3325 1049 3383 ebiberet:
1079 3343 1269 3382 nonne
1299 3333 1537 3384 noverat
1565 3325 1677 3383 hoc
1706 3345 1831 3384 esse
1855 3326 2147 3385 decretum
2170 3328 2349 3404 patris
2376 3336 2442 3388 ut
2471 3329 2592 3406 ipse
2612 3349 2732 3389 non

327 3407 501 3466 semel
533 3414 777 3464 testatus
805 3413 894 3464 est
923 3413 1184 3480 oportere
1228 3424 1288 3462 se
1331 3405 1512 3463 multa
1551 3405 1673 3482 pati
1702 3413 1760 3464 ct
1788 3405 1991 3482 occidi,
2025 3407 2235 3466 Matth.
2266 3408 2388 3467 xvi.
2420 3413 2516 3468 21.
2602 3411 2731 3469 Imo

326 3507 456 3546 cum
486 3495 785 3564 caperetur
812 3505 848 3543 a
875 3485 1154 3543 militibus
1169 3485 1402 3542 Petrum
1422 3485 1493 3544 iis
1516 3485 1890 3545 obsistentem
1920 3487 2194 3564 increpat,
2229 3490 2265 3521 “
2288 3488 2505 3547 Annon
2534 3490 2731 3550 bibam

323 3567 595 3644 poculum
625 3566 780 3624 istud
807 3563 963 3642 quod
989 3565 1130 3622 mihi
1153 3563 1314 3625 dedit
1340 3573 1502 3642 pater
1521 3565 1588 3624 ?''
1660 3567 1771 3641 Qui
1800 3587 1957 3644 erg0,
1990 3569 2099 3626 sibi
2128 3569 2449 3627 contrarius
2477 3577 2535 3627 et
2562 3571 2729 3647 patri,

324 3655 486 3707 tanto
528 3645 820 3704 molimine
864 3645 1098 3704 calicem
1143 3666 1178 3703 a
1207 3665 1267 3704 se
1295 3645 1592 3705 transferri
1634 3647 1938 3724 postulat?
1983 3649 2177 3725 Resp.,
2225 3649 2341 3707 Hic
2383 3669 2521 3707 vero
2549 3651 2733 3709 multa

327 3735 462 3785 sunt
490 3745 619 3802 quse
669 3725 868 3804 reponi
909 3733 1186 3802 possunt:
1235 3729 1286 3784 1.
1323 3725 1711 3804 Supponimus
1740 3735 1940 3786 contra
1980 3727 2414 3788 Monotheletas
2442 3728 2731 3804 geminam

327 3807 506 3866 fuisse
534 3807 594 3863 in
625 3807 853 3865 Christo
883 3805 1240 3864 voluntatem
1269 3813 1334 3865 ut
1362 3816 1420 3865 et
1447 3815 1728 3882 naturam,
1750 3807 2007 3866 divinam
2041 3817 2100 3867 et
2128 3809 2452 3882 humanam,
2498 3810 2729 3868 easdem

325 3907 442 3944 non
473 3885 746 3944 adversas
775 3885 1008 3964 quidem
1038 3895 1096 3944 et
1128 3887 1239 3944 sibi
1281 3894 1685 3962 repugnantes,
1718 3887 1821 3946 sed
1848 3888 2109 3947 diversas
2136 3897 2331 3947 tamen
2358 3887 2535 3947 fuisse
2562 3899 2733 3965 prout

325 3967 386 4024 in
409 3967 636 4043 objecta
663 3966 894 4024 diversa
935 3965 1280 4025 ferebantur.
1329 3966 1544 4024 Divina
1583 3967 1773 4026 voluit
1812 3976 2055 4026 mortem
2083 3968 2219 4045 quia
2246 3969 2330 4027 sic
2358 3969 2733 4028 constitutum

325 4045 512 4105 fuerat
540 4046 694 4122 apud
725 4047 956 4104 Patrem
985 4045 1060 4104 ad
1075 4046 1528 4123 redemptionem
1546 4055 1821 4120 nostram,
1845 4048 2119 4106 Humana
2136 4067 2275 4106 vero
2297 4047 2521 4106 horruit
2548 4056 2607 4109 et
2628 4049 2729 4108 de·-

325 4135 557 4204 precata
585 4135 690 4200 est,
723 4127 859 4203 quia
887 4146 1010 4184 eam
1054 4126 1385 4184 intuebatur
1425 4136 1490 4185 ut
1529 4135 1752 4186 naturae
1794 4127 2240 4186 destructionem
2271 4137 2329 4187 et
2369 4129 2584 4186 malum
2613 4149 2735 4188 om-

325 4207 486 4264 nium
516 4226 644 4283 quae
674 4225 799 4264 esse
829 4214 1093 4282 poterant
1120 4205 1504 4280 dirissimum;
1535 4226 1645 4264 nec
1672 4214 1865 4265 tamen
1893 4209 2145 4265 humana
2172 4207 2443 4266 voluntas
2470 4208 2617 4267 bene
2646 4209 2731 4268 di-

327 4287 476 4361 citur
523 4305 876 4363 repugnasse
919 4285 1149 4360 divinae,
1198 4287 1334 4362 quia
1369 4305 1484 4343 non
1529 4286 1809 4360 absolute,
1858 4286 1956 4344 sed
1989 4286 2377 4346 conditionate
2404 4287 2586 4365 petiit,
2617 4309 2735 4349 non

325 4369 626 4426 voluntate
656 4365 973 4425 deliberata
999 4373 1058 4424 et
1086 4365 1347 4438 electiva,
1380 4365 1483 4423 sed
1509 4365 1801 4424 velleitate
1843 4367 2036 4443 potius
2064 4366 2341 4426 inefficaci
2383 4377 2442 4427 et
2467 4371 2733 4430 naturali.

328 4448 536 4525 Itaque
560 4445 984 4506 observandum
1007 4453 1110 4518 est,
1145 4449 1200 4504 2.
1237 4447 1586 4504 Voluntatem
1606 4445 1977 4504 multifariam
2007 4445 2192 4504 dividi
2219 4467 2405 4524 posse,
2438 4448 2552 4507 alia
2580 4451 2731 4509 enim

325 4529 528 4602 efficax·
556 4527 783 4599 dicitur,
814 4524 928 4583 alia
955 4526 1216 4597 inefficax
1229 4549 1254 4598 ;
1283 4526 1514 4598 Efficax
1540 4524 1751 4584 dicitur
1768 4545 1837 4584 ea
1865 4546 1993 4603 quae
2011 4526 2355 4604 principium
2386 4537 2474 4588 est
2501 4531 2731 4608 agendi,

325 4609 732 4687 hominemque
782 4613 977 4664 movet
1019 4613 1076 4664 ct
1116 4605 1362 4683 impellit
1403 4606 1478 4664 ad
1519 4605 1860 4683 exequenda
1900 4627 1971 4666 ea
2010 4627 2139 4684 quae
2167 4609 2296 4667 vult
2324 4619 2382 4668 et
2409 4611 2734 4671 amolienda

327 4697 606 4766 quantum
636 4695 827 4765 potest
854 4685 1128 4763 quaelibet
1155 4686 1503 4763 operationis
1547 4685 1987 4765 impedimenta;
2032 4687 2293 4762 inefficax
2320 4711 2447 4767 quae
2478 4691 2537 4748 in
2566 4690 2731 4752 effec-
