3234 5192
983 1073 1597 1151 DISPUTATIO
1681 1074 2119 1167 QUARTA‚

1290 1346 1426 1394 Qum
1464 1346 1680 1384 ‘mm-m
1717 1348 1822 1386 ns‘r

440 1578 619 1675 DE
738 1582 1860 1679 IDOLOLATRIA
1959 1582 2654 1679 ROMANA.

818 2072 1208 2149 Respondente
1239 2073 1558 2132 STEPHANO
1588 2074 1810 2132 DUMAs
1825 2044 2282 2146 ‘Coloyniacensi

405 2263 457 2322 1.
500 2262 781 2337 Quamvis
808 2282 877 2321 ea
904 2262 980 2321 sit
1006 2264 1541 2338 controversiarum,
1562 2284 1692 2341 quse
1709 2263 1878 2323 nobis
1895 2284 2026 2323 cum
2049 2263 2367 2322 Pontificiis
2385 2260 2764 2337 intercedunt,

350 2344 519 2417 ratio,
548 2350 615 2401 ut
640 2342 801 2401 nulla
828 2342 903 2401 sit
930 2362 1059 2419 quse
1088 2362 1255 2402 suum
1274 2344 1500 2421 pondus
1528 2364 1646 2403 non
1673 2345 1884 2404 habeat
1923 2344 2000 2403 ad
2019 2343 2279 2402 veritatis
2305 2342 2765 2417 illustrationem,

354 2442 599 2500 quaeqnc
626 2422 773 2480 adeo
800 2422 1068 2499 diligenti
1108 2422 1372 2483 examine
1392 2444 1509 2482 non
1538 2424 1814 2503 indigeat,
1850 2444 2020 2483 nemo
2061 2432 2272 2498 tamen,
2303 2430 2367 2482 ut
2408 2422 2628 2500 opinor,
2679 2420 2766 2479 in-

352 2502 516 2562 ficias
557 2502 743 2577 iverit,
773 2502 961 2576 istam,
992 2522 1165 2579 quam
1206 2524 1324 2581 pras
1350 2504 1616 2564 manibus
1663 2525 1818 2563 nunc
1855 2504 2150 2578 habemus,
2179 2506 2275 2562 De
2301 2503 2613 2563 secessionis
2639 2522 2766 2561 nos-

355 2592 463 2642 trae
508 2584 578 2641 ab
626 2583 885 2640 Ecclesia
930 2584 1199 2643 Romana
1240 2586 1573 2661 necessitate,
1620 2594 1676 2644 et
1719 2586 2043 2661 impossibili
2095 2604 2219 2642 cum
2265 2604 2335 2642 ea
2395 2582 2766 2659 syncrettbmm

356 2663 733 2741 quaestionem
762 2663 1091 2739 gravissimi
1118 2684 1243 2722 esse
1272 2684 1389 2741 prae
1416 2665 1641 2724 caeteris
1657 2664 1926 2723 omnibus
1946 2663 2242 2738 momenti,
2267 2682 2336 2721 eo
2370 2664 2468 2721 vel
2495 2662 2764 2736 maxime,

356 2742 514 2821 quod
540 2742 599 2799 in
628 2742 758 2801 aliis
798 2742 871 2801 de
912 2742 1083 2801 unico
1110 2750 1333 2802 tantum
1360 2752 1567 2821 agatur
1592 2744 1870 2804 doctrinae
1913 2738 2116 2821 capite,
2161 2744 2256 2801 hic
2299 2762 2438 2800 vero
2467 2742 2540 2800 de
2585 2741 2766 2799 omni-

356 2824 469 2882 bus
512 2822 700 2897 simul,
751 2842 881 2899 quse
915 2823 1134 2899 justam
1182 2822 1487 2882 secedendi
1532 2824 1702 2883 nobis
1731 2842 1962 2883 causam
2007 2822 2392 2900 praebuerunt.
2439 2820 2611 2880 Unde
2639 2840 2772 2878 cum

354 2922 707 2979 magnopere
754 2902 997 2978 intersit,
1046 2922 1175 2961 cum
1223 2904 1483 2978 aliorum,
1513 2912 1638 2962 tum
1676 2902 2002 2980 juventutis
2045 2910 2260 2959 nostrae
2289 2900 2466 2958 sacris
2513 2899 2770 2973 initiatae,

356 2981 502 3060 quid
528 2982 601 3041 de
628 3000 689 3041 re
716 2990 841 3042 tota
866 2982 1182 3041 secundum
1224 2982 1465 3041 verbum
1488 2983 1599 3040 Dei
1623 2982 1932 3041 tenendum
1953 2980 2424 3072 sequendumque
2441 2980 2533 3054 sit,
2563 2979 2772 3036 mirum

355 3062 545 3121 videri
568 3081 689 3120 non
716 3061 904 3138 debet,
938 3062 989 3121 si
1014 3063 1090 3120 ad
1118 3062 1243 3139 ejus
1290 3062 1692 3121 tractationem
1739 3062 1946 3120 iterum
1994 3080 2102 3118 nos
2130 3059 2501 3135 accingimus,
2545 3066 2611 3117 ut
2639 3076 2769 3116 sen·-

360 3142 558 3202 tentiae
585 3150 797 3202 nostrae
822 3142 1199 3202 fundamenta
1222 3142 1453 3220 plenius
1492 3142 1838 3219 aperiantur,
1869 3148 1928 3200 et
1963 3140 2038 3199 ab
2065 3139 2524 3199 adversariorum
2547 3138 2773 3198 cavillis

362 3222 749 3281 vindicentur.

448 3302 533 3361 ΙΙ.
576 3302 825 3361 Accedit
864 3301 1037 3361 etiam
1080 3301 1371 3379 temporie,
1416 3300 1477 3360 in
1518 3321 1636 3379 quo
1673 3321 1988 3377 versamur,
2033 3299 2196 3378 ratio,
2233 3300 2391 3379 quod
2433 3300 2478 3359 si
2521 3318 2776 3377 unquam

360 3400 481 3440 non
522 3382 723 3441 utilem
770 3381 942 3441 modo
990 3381 1095 3441 sed
1138 3382 1521 3441 necessariam
1570 3382 1740 3460 plane
1787 3382 1928 3442 facit
1971 3383 2298 3459 argumenti
2346 3380 2514 3441 istius
2562 3388 2770 3439 tracta-

362 3462 599 3521 tionem.
643 3463 791 3520 Nam
827 3471 1036 3539 praeter
1063 3462 1265 3539 gravia
1310 3458 1440 3539 quai
1488 3463 1746 3541 quotidie
1787 3462 2052 3521 videmus
2095 3462 2368 3521 scandala
2394 3461 2468 3520 ab
2517 3461 2588 3519 iis
2616 3459 2769 3533 data,

364 3542 484 3619 qui,
516 3562 635 3599 non
662 3542 801 3601 satis
828 3550 1129 3619 perspecta
1156 3544 1497 3602 secessionis
1522 3551 1736 3602 nostrae
1763 3544 2122 3618 necessitate,
2143 3542 2240 3601 vel
2265 3550 2426 3601 metu
2452 3540 2654 3615 territi,
2679 3539 2776 3597 vel

366 3621 665 3699 promissis
691 3622 886 3697 illecti,
917 3621 1246 3680 tristissimo
1275 3642 1413 3681 casu
1442 3629 1710 3694 ιαυαγοῧστ
1739 3646 1846 3703 nge
1871 3648 1954 3687 rm
1973 3648 2154 3697 rao-rav,
2185 3631 2244 3680 et
2271 3621 2468 3679 infami
2497 3619 2786 3697 apostasia

368 3700 447 3759 ad
476 3700 805 3777 Papismum
836 3701 1128 3760 deficiunt.
1213 3702 1429 3761 Notum
1452 3712 1541 3762 est
1580 3722 1755 3781 quam
1783 3703 1930 3761 varii
1957 3703 2171 3780 ubique
2199 3700 2272 3759 de
2319 3700 2618 3776 religionis
2648 3718 2784 3774 syn-

370 3780 637 3839 cretismo
666 3780 838 3839 etiam
865 3781 1038 3839 hodie
1065 3781 1413 3840 misceantur
1440 3802 1749 3857 sermoneS,
1779 3792 1840 3841 et
1879 3790 2096 3859 quanto
2117 3780 2409 3839 molimine
2437 3786 2786 3837 renoventur

369 3880 405 3919 a
432 3859 695 3937 plurimis
720 3860 1058 3937 periculosae
1088 3861 1557 3937 syncretistarum
1586 3870 1757 3937 artes,
1789 3869 1848 3921 et
1875 3863 2024 3921 male
2067 3881 2208 3921 sana
2248 3858 2504 3932 consilia,
2535 3864 2601 3916 ut
2628 3876 2782 3932 quse-

362 3939 499 3999 dam
527 3940 623 3997 vel
646 3940 797 3999 inter
824 3940 1183 4000 Christianos
1212 3959 1411 4000 omnes
1438 3942 1491 4000 si
1514 3942 1643 4000 fieri
1671 3950 1882 4019 posset,
1913 3941 2012 3999 vel
2037 3942 2188 3999 inter
2213 3958 2322 3998 nos
2350 3946 2409 3997 et
2445 3936 2779 3995 Pontificios

370 4018 575 4078 saltem
602 4018 739 4078 fidei
766 4019 1101 4078 instituatur
1126 4021 1469 4080 conciliatio.
1516 4021 1689 4082 Unde
1735 4021 1884 4079 nihil
1911 4020 2264 4097 frequentius
2293 4018 2480 4077 solent
2505 4018 2786 4093 ingerere,

369 4118 545 4177 quam
572 4098 932 4157 temerariam
961 4108 1020 4159 et
1045 4100 1319 4178 injustam
1346 4100 1524 4160 fuisse
1550 4109 1808 4159 nostram
1836 4101 1910 4158 ab
1938 4100 2203 4159 Ecclesia
2251 4098 2514 4156 Romana
2561 4114 2788 4172 separa-

366 4180 603 4253 tionem,
634 4187 694 4236 et
720 4178 951 4238 facilem
999 4200 1131 4238 cum
1178 4200 1249 4239 ea
1292 4181 1753 4257 syncretismum,
1785 4180 1836 4238 si
1861 4180 2041 4238 animi
2068 4198 2208 4238 vero
2235 4178 2396 4255 pacis
2425 4174 2782 4250 Christianis,

368 4276 545 4336 quam
570 4258 741 4317 unice
768 4258 1196 4318 commendavit
1222 4261 1391 4319 nobis
1436 4251 1714 4335 Cli'ristus,
1765 4266 1826 4318 et
1861 4258 2049 4317 modis
2076 4256 2346 4333 omnibus
2371 4254 2790 4335 procurandam

367 4338 642 4415 injunxit,
675 4338 867 4397 studio
892 4339 1352 4399 incenderentur.

456 4417 577 4476 ΙΙΙ.
618 4417 819 4495 Atque
841 4438 909 4477 ea
936 4418 1009 4476 de
1037 4437 1211 4477 causa
1236 4417 1535 4495 emissarii,
1579 4428 1640 4479 et
1691 4418 1935 4477 Sinoncs
1974 4416 2238 4492 Romani,
2269 4416 2578 4495 proselytis
2619 4416 2794 4494 juxta

374 4516 507 4555 cum
557 4496 867 4557 Pharisaeis
916 4506 1068 4557 terra
1113 4498 1371 4576 marique
1399 4498 1678 4558 faciendis
1705 4498 1874 4556 unice
1911 4497 2135 4571 intenti,
2164 4506 2232 4557 ut
2271 4497 2793 4558 controversiarum

372 4574 601 4653 pondus
644 4576 871 4637 facilius
918 4577 1261 4638 imminuant
1308 4585 1367 4636 et
1410 4577 1656 4651 elevent,
1705 4578 1870 4653 quasi
1919 4598 2034 4636 non
2063 4586 2286 4638 tantum
2329 4586 2482 4637 esset
2509 4578 2660 4636 inter
2685 4594 2792 4633 nos

376 4655 697 4732 dissidium,
756 4658 913 4734 quod
968 4656 1267 4717 commode
1322 4657 1589 4735 componi
1637 4678 1754 4716 non
1797 4666 2010 4735 posset,
2041 4657 2176 4717 fidei
2227 4660 2502 4719 Romanae
2531 4676 2648 4715 non
2675 4665 2792 4714 tam
