3234 5192
317 376 546 417 msru'r.
577 355 694 439 nn]
1001 374 1080 415 ns
1123 374 1408 415 nouorum
1451 373 1695 415 ormam
1735 374 2155 417 nscessiu‘ra.
2621 362 2738 419 285

327 519 488 577 tinua
513 519 666 577 inter
688 538 916 577 carnem
962 524 1022 575 et
1053 516 1332 594 Spiritum
1359 536 1592 593 pugna:
1637 516 1774 575 dum
1803 517 2051 595 Spiritus
2077 518 2356 595 praevalet
2378 518 2437 575 in
2465 518 2744 595 peculiari

319 599 512 675 aliquo
532 608 700 675 actu3
747 598 880 657 Non
905 596 1098 655 statim
1126 604 1430 675 propterea
1459 597 1606 655 Caro
1629 597 1860 673 penitus
1888 598 2205 657 destruitur
2234 620 2247 657 ς
2296 598 2392 657 Sic
2421 597 2559 657 dum
2590 600 2739 659 Caro

318 680 530 738 victrix
560 690 756 738 manet
783 679 844 736 in
873 677 1067 754 aliqua
1093 677 1428 751 tentatione,
1459 697 1576 735 non
1604 677 1763 735 illico
1796 678 2075 755 Spiritum
2104 680 2343 755 ejusque
2373 678 2526 738 dona
2546 682 2733 739 extin-

317 760 445 837 guit
472 760 568 818 vel
590 760 830 819 excutit.
916 758 1170 817 Possunt
1190 777 1330 835 ergo
1359 723 1538 815 Fides
1567 766 1627 815 et
1654 758 1904 816 charitas
1932 778 2162 817 manere
2180 758 2241 816 in
2262 758 2532 818 fidelibus
2559 761 2733 819 etiam

317 840 728 918 peccantibus3
777 838 895 899 Sed
922 838 1114 915 quoad
1141 847 1334 897 actum
1361 838 1628 915 primum,
1672 856 1791 894 non
1818 838 2173 915 secundum3
2220 839 2425 914 Quoad
2453 860 2649 899 semen
2676 849 2737 901 et

319 919 607 995 radicem3
653 940 770 979 non
799 918 992 997 quoad
1019 918 1306 995 fructum3
1354 917 1559 991 Quoad
1599 917 1881 994 habitum,
1912 938 2029 976 non
2058 918 2252 996 quoad
2273 921 2634 997 operationes
2675 929 2736 981 et

320 1002 676 1060 exercitium.
763 1000 884 1058 Nec
913 1010 1229 1076 propterea,
1261 998 1419 1074 quod
1447 997 1683 1056 Author
1708 997 1855 1056 falso
1878 1000 2187 1076 pertendit,
2218 998 2331 1057 dici
2351 998 2524 1059 debet
2544 1000 2734 1060 fidelis

321 1081 666 1140 adulterium
711 1080 808 1139 vel
835 1078 1212 1138 homicidium
1267 1086 1503 1171 patrans
1532 1086 1729 1136 castus
1778 1078 2022 1155 adulter,
2054 1078 2153 1138 vel
2198 1079 2357 1139 mitis
2404 1080 2729 1158 homicida,

320 1162 458 1239 quia
485 1161 702 1239 gemini
729 1160 827 1218 isti
853 1159 1092 1219 effectus
1135 1160 1428 1235 geminum
1458 1168 1790 1236 supponunt
1818 1178 1854 1217 a
1896 1179 2011 1235 quo
2060 1160 2323 1218 oriuntur
2366 1160 2731 1239 principium,

327 1242 406 1319 Sp
410 1242 602 1300 iritum
622 1261 657 1299 a
684 1260 800 1317 quo
819 1259 993 1316 opera
1017 1239 1154 1297 fidei
1172 1248 1230 1297 et
1259 1237 1554 1297 charitatis
1581 1246 1857 1315 manant3
1890 1240 1969 1298 Et
1992 1240 2231 1299 Carnem
2256 1260 2292 1297 a
2318 1260 2434 1317 qua
2460 1252 2731 1319 peccata·
2717 1288 2733 1318 ,

327 1322 498 1382 Unde
523 1322 572 1379 si
599 1320 947 1379 adulterium
989 1319 1088 1377 vel
1126 1319 1500 1378 homicidium
1529 1328 1737 1396 patrat,
1769 1338 1887 1377 non
1914 1320 2025 1378 hoc
2054 1328 2341 1398 operatur,
2388 1341 2505 1395 qua
2550 1322 2630 1399 Sp
2632 1323 2729 1381 iri·

325 1401 519 1474 tualis,
566 1400 670 1459 sed
715 1420 830 1477 qua
859 1399 1136 1459 Carnalis.
1227 1398 1359 1459 Hoc
1405 1407 1631 1459 tantum
1659 1400 1808 1457 bene
1838 1400 2051 1468 poterit
2098 1398 2233 1457 inde
2263 1400 2478 1478 colligi,
2511 1401 2727 1461 donum

323 1480 607 1541 castitatis
635 1488 694 1539 et
721 1479 1196 1554 mansuetudinis,
1228 1479 1386 1556 quod
1431 1498 1534 1557 per
1575 1480 2069 1557 regenerationem
2098 1479 2348 1538 obtinuit
2374 1481 2582 1557 fidelis,
2613 1502 2731 1541 non

321 1562 406 1622 ita
433 1560 748 1639 perfectum
777 1580 921 1636 esse,
953 1570 1018 1620 ut
1046 1560 1321 1619 excludat
1341 1561 1574 1638 penitus
1602 1560 1749 1619 vitia
1796 1560 2077 1637 opposita,
2122 1568 2295 1637 atque
2324 1560 2485 1636 ade0,
2518 1582 2587 1620 eo
2614 1582 2733 1621 non

322 1643 605 1717 obstante,
679 1661 910 1699 manere
965 1660 1192 1718 semper
1240 1640 1302 1698 in
1356 1660 1426 1699 eo
1482 1660 1612 1699 eum
1684 1659 1854 1699 carne
1909 1639 2168 1699 fomitem
2232 1642 2730 1719 concupiscentiae,

325 1723 426 1800 qui
455 1740 581 1781 sese
608 1742 726 1780 non
769 1742 898 1780 raro
924 1720 1103 1780 variis
1145 1721 1206 1778 in
1248 1720 1474 1779 actibus
1516 1720 1719 1793 exerit,
1750 1727 1875 1779 tum
1917 1721 2111 1798 quoad
2134 1722 2363 1796 θυμικὶν,
2388 1732 2511 1780 tum
2540 1722 2733 1800 quoad

325 1805 704 1879 ἐπιθυμητικὸν,
690 1825 704 1838 ·
747 1802 886 1860 licet
913 1822 1020 1861 nec
1047 1802 1278 1879 penitus
1306 1802 1540 1860 habitus
1562 1808 1620 1859 et
1649 1800 1802 1859 dona
1832 1800 2083 1878 Spiritus
2109 1802 2431 1878 extinguat,
2462 1821 2569 1861 nec
2590 1802 2733 1862 fina-

321 1884 456 1943 liter
474 1884 576 1941 illa
597 1882 872 1957 excutiat,
897 1882 1034 1959 quia
1060 1881 1294 1940 tandem
1321 1880 1528 1957 fidelis,
1559 1900 1663 1959 per
1703 1881 1967 1973 spiritum
1995 1881 2149 1940 facta
2175 1882 2430 1959 corporis
2455 1883 2737 1976 paulatim

321 1963 738 2035 mortificandO,
791 1970 849 2020 et
877 1962 949 2021 de
993 1962 1086 2020 his
1134 1970 1193 2021 et
1237 1961 1310 2020 de
1358 1961 1488 2020 aliis
1534 1962 1791 2045 peccatis
1844 1961 1906 2020 id
1960 1981 2145 2040 genus
2171 1962 2401 2040 plenam
2428 1962 2731 2023 victoriam

320 2052 576 2121 reportat
603 2049 706 2103 et·
686 2046 936 2123 mgrazq‘i,
963 2042 1132 2100 Rom.
1155 2041 1279 2100 viii.
1311 2044 1407 2101 37.
1493 2034 1671 2101 Plura
1708 2051 1946 2119 possent
1987 2042 2125 2101 addi
2173 2042 2249 2101 ad
2275 2043 2538 2101 veritatis
2563 2043 2733 2103 istius

323 2124 852 2184 confirmationem·
839 2168 854 2197 ,
923 2121 1038 2180 Sed
1085 2121 1212 2179 haec
1239 2122 1520 2181 hactenus
1570 2122 1829 2181 sufficere
1857 2132 2101 2200 possunt
2128 2123 2203 2181 ad
2224 2122 2731 2183 demonstrandum

320 2204 479 2282 quod
507 2201 878 2276 intendimus,
911 2202 986 2259 In
1013 2201 1276 2260 doctrina
1301 2210 1501 2261 nostra
1527 2201 1675 2261 nihil
1702 2222 1829 2262 esse
1858 2203 2016 2281 quod
2034 2202 2286 2281 Operum
2307 2203 2728 2279 necessitatem,

324 2292 382 2343 et
404 2282 660 2341 studium
686 2282 920 2360 pietatis
945 2281 1114 2341 tollat
1139 2282 1236 2341 vel
1263 2280 1519 2359 relaxet3
1563 2280 1727 2341 Nihil
1754 2302 1881 2343 esse
1922 2292 2137 2361 contra,
2169 2284 2327 2361 quod
2351 2282 2499 2343 inud
2546 2282 2733 2344 effica-

325 2364 555 2423 cissime
583 2382 698 2421 non
727 2361 1106 2422 commendet.
