3234 5192
533 293 649 350 160
1294 306 1374 347 nn
1404 306 1772 349 necessasia
1799 306 2147 349 sscnssmne
2537 286 2799 369 [nuru-r.
2830 310 2935 352 vlt.

528 449 875 509 damnarint.
958 447 1109 508 Nam
1138 448 1429 509 accusatio
1470 448 1714 509 aliorum
1759 450 1916 528 ipsos
1963 469 2242 509 excusare
2297 469 2415 508 non
2441 450 2669 529 poterit,
2700 452 2810 511 nisi
2841 473 2931 513 os-

530 530 773 590 tendant
800 548 863 588 se
890 548 999 588 nec
1026 529 1455 587 matrimonium
1482 550 1587 589 nec
1632 529 1792 589 cibos
1820 537 2054 589 vetare:
2096 538 2479 608 praeterquam
2523 530 2683 609 qnod
2735 540 2932 593 textus

534 610 706 669 Pauli
724 609 839 668 alio
866 608 1115 687 respicit,
1146 628 1320 685 quam
1348 609 1425 667 ad
1476 618 1698 669 veteres
1725 609 1860 669 illos
1886 610 2206 687 haereticos,
2238 610 2374 688 quia
2389 610 2647 688 loquitur
2673 610 2744 671 de
2762 632 2932 691 apos·

533 691 697 766 tasia,
755 709 885 767 quse
938 688 1244 749 nova-sima
1270 690 1606 765 temporibus
1651 688 1894 749 demum
1939 690 2156 750 oritura
2191 697 2360 764 esset,
2409 710 2526 750 ιιοιι
2565 690 2766 769 primis
2812 693 2932 753 illis

536 769 815 830 Ecclesiae
844 769 1187 829 Christianae
1216 769 1444 828 seculis.
1528 769 1756 829 Deinde
1794 772 1918 848 agit
1943 770 2016 829 de
2061 771 2150 846 iis,
2180 770 2282 847 qui
2307 777 2652 848 potestatem
2679 772 2933 832 habituri

530 859 699 910 erant
745 848 994 928 jubendi
1048 849 1454 909 abstinentiam
1509 869 1546 908 a
1598 850 1762 927 cibis,
1821 860 1880 909 et
1925 850 2271 928 prohibendi
2310 850 2754 911 matrimonium.
2847 854 2933 913 At

530 930 787 989 haeretici
814 930 912 988 isti
940 929 1147 987 docere
1200 928 1434 1006 quidem
1488 937 1756 1007 poterant
1781 938 1840 989 et
1882 930 2154 989 damnare
2173 930 2330 1005 talia,
2375 930 2480 990 sed
2505 950 2622 989 non
2669 940 2934 1011 poterant

525 1011 751 1088 jubere,
784 1028 900 1067 non
954 1028 1178 1085 cogere,
1226 1009 1382 1085 quod
1408 1009 1628 1070 faciunt
1656 1009 1962 1069 Pontificii.
2047 1010 2446 1088 Nequicquam
2481 1011 2655 1071 etiam
2708 1012 2804 1071 hic
2832 1032 2931 1091 op-

532 1090 783 1167 ponitur,
842 1088 1091 1148 Paulum
1143 1088 1305 1166 loqui
1358 1096 1581 1148 tantum
1637 1090 1710 1149 de
1765 1090 2128 1183 quibusdam,
2185 1113 2319 1166 τινος,
2375 1090 2581 1167 inquit,
2633 1115 2930 1155 aza-omm-

532 1196 638 1230 rau.
725 1170 875 1229 Nam
902 1177 1283 1263 praeterquam
1311 1169 1469 1246 quod
1495 1168 1818 1264 Apostolus
1845 1170 2035 1249 potuit
2061 1171 2342 1248 respicere
2371 1169 2447 1229 ad
2473 1169 2703 1231 initium
2731 1180 2789 1231 et
2815 1174 2930 1251 pri-

534 1270 689 1309 mam
715 1250 884 1309 istius
910 1249 1216 1327 apostasiis
1243 1250 1608 1327 periodum,
1590 1270 1655 1308 m
1681 1269 1797 1328 qua
1833 1258 2053 1310 certum
2106 1270 2322 1328 paucos
2349 1250 2541 1309 adhuc
2593 1251 2722 1311 istis
2769 1252 2930 1312 falsis

534 1329 814 1390 doctrinis
840 1328 1018 1389 fuisse
1040 1329 1310 1405 imbutos,
1355 1336 1583 1389 constat
1629 1350 1944 1409 pronomen
1971 1332 2082 1389 hoc
2130 1350 2246 1388 non
2273 1329 2582 1390 excludere
2609 1331 2929 1392 multitudi-

534 1432 685 1487 nem,
718 1409 822 1469 sed
848 1418 1073 1470 tantum
1100 1409 1611 1485 universalitatem,
1642 1420 1710 1469 ut
1747 1411 2020 1471 innuatur
2047 1430 2163 1470 non
2191 1430 2390 1469 omnes
2433 1410 2694 1470 absolute
2723 1418 2782 1470 et
2809 1412 2934 1471 sine

532 1491 875 1569 exceptione
902 1490 1069 1549 istius
1098 1490 1400 1567 apostasiae
1427 1510 1557 1550 reos
1574 1456 1769 1567 f'uisse,
1809 1491 1946 1568 quia
1980 1490 2142 1549 Deus
2163 1510 2300 1551 suos
2322 1510 2546 1567 semper
2566 1491 2756 1566 habet,
2786 1511 2933 1571 quos

536 1570 610 1630 ab
652 1590 842 1630 errore
864 1570 1147 1628 immunes
1190 1578 1399 1630 servat.
1482 1570 1685 1629 Talem
1711 1590 1881 1630 usum
1910 1590 2036 1630 esse
2081 1570 2142 1627 in
2174 1570 2470 1649 Scriptura
2504 1570 2672 1629 istius
2725 1592 2931 1649 prono-

536 1650 708 1709 minis
735 1656 895 1725 patet
922 1670 998 1709 ex
1026 1649 1203 1708 variis
1221 1650 1383 1724 locis,
1414 1650 1515 1708 ubi
1542 1676 1660 1715 ram
1686 1670 1792 1727 pro
1818 1650 2018 1711 multis
2045 1657 2354 1728 ponuntur,
2407 1650 2450 1710 J
2453 1650 2545 1708 oh
2575 1651 2657 1710 vi.
2687 1654 2782 1728 60,
2813 1652 2929 1711 col-

534 1731 655 1789 lato
682 1748 813 1788 cum
844 1731 939 1802 64,
973 1729 1140 1787 Rom.
1164 1728 1246 1787 xi.
1301 1732 1393 1805 17,
1440 1730 1607 1789 colla.
1655 1750 1786 1789 cum
1836 1750 1955 1790 ver.
1991 1734 2087 1807 32,
2115 1733 2146 1788 1
2180 1730 2310 1789 Cor.
2349 1750 2414 1788 x.
2461 1734 2516 1807 7,
2547 1732 2602 1807 8,
2635 1732 2690 1807 9,
2722 1732 2932 1791 collato

538 1828 671 1870 cum
717 1807 907 1867 Exod.
937 1808 1126 1866 xxxii.
1158 1812 1213 1883 3,
1244 1809 1418 1867 Νιιιιι.
1448 1810 1571 1868 xiv.
1606 1812 1659 1885 1,
1689 1818 1751 1870 et
1775 1830 1918 1869 xxv.
1950 1813 2006 1870 4.

534 1930 579 1974 2.
610 1928 889 1980 character,
1139 1888 1365 1947 XXII.
1410 1889 1507 1947 Ex
1533 1890 1644 1949 hac
1683 1909 1853 1967 porro
1901 1890 2192 1969 apostasia
2218 1890 2480 1950 oriuntur
2517 1890 2632 1949 duo
2659 1890 2760 1949 alii
2795 1892 2932 1950 cha·

594 1988 780 2034 christi
824 1987 926 2032 Ad·
1054 1976 1306 2029 racteres
1359 1968 1710 2029 Antichristi
1751 1990 1787 2029 a
1821 1970 2004 2029 Paulo
2045 1970 2266 2030 notati.
2315 1971 2676 2047 Οῃιιιφιαιίο
2719 1971 2932 2031 Christi

596 2059 763 2091 'emal'
740 2046 858 2089 rius·
1052 2057 1115 2108 et
1168 2050 1379 2125 Elatw,
1411 2049 1568 2127 quod
1596 2050 1672 2109 Sit
1701 2078 1725 2109 ο
1751 2074 2083 2127 annuamus,
2129 2077 2218 2109 xm
2245 2054 2269 2109 ὅ
2299 2056 2678 2132 ὑπεςκιςομσνος,
2735 2052 2933 2110 Hostis

532 2140 595 2192 et
622 2130 913 2191 AEmulm.
998 2130 1204 2189 Hostis
1258 2094 1459 2189 debuit
1500 2150 1627 2191 esse
1675 2131 1905 2206 Christi,
1957 2132 2057 2209 qui
2097 2133 2224 2210 ejus
2269 2130 2589 2191 doctrinam
2633 2151 2931 2209 oppugna-

532 2220 637 2289 ret,
691 2211 793 2272 sed
837 2230 954 2270 non
1010 2217 1241 2287 apertus
1288 2218 1349 2268 et
1400 2217 1622 2288 patens,
1682 2212 1782 2288 qui
1829 2238 2005 2292 γυμιῃ,
2055 2211 2210 2304 quod
2260 2211 2438 2288 aiunt,
2493 2224 2690 2292 uuonan

534 2300 659 2352 tum
698 2293 1015 2370 impeteret,
1068 2290 1172 2349 sed
1219 2289 1632 2367 dissimulatus,
1677 2299 1736 2350 et
1773 2276 1979 2368 latens,
2025 2291 2126 2369 qui
2166 2291 2304 2350 dum
2353 2312 2414 2351 se
2456 2317 2772 2386 ammte-m
2805 2311 2934 2351 esse

530 2372 849 2450 profitetur,
893 2389 1097 2429 revera
1148 2382 1445 2465 Ammo-ro
1448 2396 1469 2429 v
1548 2390 1610 2430 se
1664 2372 1949 2449 proderet,
2007 2380 2068 2430 et
2121 2372 2230 2431 sub
2283 2380 2569 2449 praetextu
2623 2371 2935 2431 vicariatus

536 2451 937 2512 auctoritatem
998 2450 1233 2509 Domini
1262 2451 1354 2511 sui
1396 2459 1716 2528 usurparet,
1763 2460 1823 2511 et
1877 2458 2008 2511 eum
2036 2450 2110 2509 de
2151 2450 2297 2510 solio
2343 2451 2690 2511 deturbaret.
2777 2452 2934 2509 Hinc

534 2531 825 2625 apostasia
876 2530 991 2589 ista
1044 2538 1285 2589 vocatur
1344 2556 1606 2612 pave-rugae·
1661 2556 1742 2597 «τις
1805 2540 2028 2608 eropum,
2079 2538 2140 2591 et
2190 2531 2254 2589 in
2305 2530 2492 2591 fronte
2559 2532 2934 2609 Babylonicae

531 2610 850 2671 meretricis
904 2608 1245 2688 inscriptum
1284 2618 1374 2670 est
1421 2630 1632 2671 nomen
1659 2613 2009 2688 Mysterium,
2063 2611 2248 2705 Apoc.
2305 2612 2448 2671 xvii.
2509 2614 2564 2686 5,
2616 2612 2752 2689 quia
2779 2631 2936 2689 mys·

532 2692 651 2753 tica.
702 2690 906 2751 debuit
958 2710 1085 2749 esse
1141 2689 1491 2751 Antichristi
1544 2690 1828 2769 impietas,
1872 2691 1937 2752 id
1979 2698 2084 2767 est,
2124 2691 2356 2770 pietatis
2407 2692 2628 2751 nomine
2664 2692 2934 2768 palliata,

530 2781 599 2834 ut
651 2772 800 2833 bene
851 2770 1029 2830 habet
1057 2771 1308 2849 Glossa3
1351 2771 1489 2849 quia
1533 2792 1639 2849 per
1691 2771 1989 2832 cuniculos
2041 2772 2104 2830 in
2158 2770 2480 2831 Ecclesiam
2532 2772 2782 2850 irrepere
2836 2771 2936 2831 de-

533 2854 677 2931 buit,
709 2853 805 2914 et'
788 2873 849 2912 m
877 2872 949 2911 ea
975 2852 1235 2931 specioso
1262 2852 1565 2930 religionis
1606 2859 1666 2911 et
1717 2850 1953 2929 pietatis
1979 2850 2238 2927 obtentu,
2263 2851 2580 2910 domimum
2611 2870 2780 2911 suum
2821 2860 2935 2911 sta-

532 2934 719 2995 bilire.
804 2932 933 3010 Quo
956 2941 1178 3011 spectat
1204 2933 1379 2992 etiam
1424 2952 1663 2992 aureum
1714 2932 2090 3010 Babylonica}
2137 2930 2455 2991 meretricis
2501 2931 2790 3009 poculum,
2820 2951 2938 3009 quo

533 3014 798 3075 homines
854 3013 1377 3092 superstitionibus,
1424 3014 1535 3073 sub
1588 3013 1850 3091 specioso
1892 3019 2181 3091 praetextu
2222 3011 2472 3089 pietatis,
2523 3011 2826 3086 mandatis,
2877 3018 2939 3070 et

536 3095 943 3173 mysteriorum
970 3094 1203 3153 nomine
1231 3092 1648 3154 commendatis
1676 3093 1986 3154 dementat.
2073 3092 2386 3170 Propterea
2413 3092 2752 3170 proponitur
2777 3091 2938 3150 veni-

540 3193 661 3245 ens,
694 3176 730 3207 “
748 3192 879 3232 cum
909 3173 1067 3230 omni
1110 3172 1353 3232 fraude'
1337 3174 1656 3249 mjustitiae,
1715 3173 1841 3232 sive
1893 3172 2215 3250 iniquitatis
2244 3170 2636 3247 seductione,”
2668 3176 2704 3230 2
2733 3171 2939 3229 Thess.

540 3252 601 3311 ii.
636 3253 730 3310 10.
813 3251 1114 3343 Tanquam
1157 3268 1349 3317 raam
1404 3254 1688 3345 Impostor
1735 3260 1794 3311 et
1831 3252 2120 3328 Seductor,
2167 3256 2205 3311 2
2248 3251 2292 3311 J
2294 3252 2386 3310 oh
2433 3256 2487 3328 7,
2519 3252 2619 3329 qui
2675 3250 2943 3309 oculatis-

544 3330 707 3391 simis
734 3330 907 3389 etiam
928 3330 1113 3406 possit
1138 3330 1447 3409 imponere,
1478 3332 1579 3407 qui
1599 3332 1820 3397 incolas
1845 3338 2012 3391 terrae
2040 3331 2250 3391 debeat
2277 3330 2566 3406 seducere,
2598 3331 2785 3423 Apoc.
2816 3330 2941 3389 xiii.

549 3413 641 3488 14,
673 3408 775 3487 qui
830 3408 906 3468 sit
958 3406 1263 3482 ψιυδολογος
1302 3435 1345 3469 ιν
1390 3416 1655 3504 ὕοι-αρσια,
1690 3413 1720 3470 1
1753 3410 1902 3470 Tim.
1948 3411 2029 3470 iv.
2075 3414 2131 3469 2.
2187 3420 2359 3489 atque
2397 3411 2543 3470 adeo
2597 3411 2698 3489 qui
2735 3410 2948 3469 callida

543 3490 777 3568 pietatis
804 3488 1169 3549 simulatione
1197 3498 1255 3549 et
1294 3490 1715 3550 Christianismi
1768 3490 2124 3572 professione
2151 3490 2378 3550 facilius
2419 3491 2681 3550 homines
2709 3490 2946 3550 seduce-

545 3579 651 3647 ret,
681 3578 741 3630 et
768 3590 803 3629 a
832 3568 1063 3629 Christo
1091 3569 1419 3630 abduceret.
1502 3570 1655 3631 Nam
1683 3570 1733 3630 si
1760 3578 1960 3648 aperto
2009 3571 2198 3629 Marte
2229 3571 2519 3631 Christum
2568 3578 2944 3648 oppugnaret,

546 3652 679 3731 quis
705 3669 825 3710 non
878 3650 1073 3709 statim
1102 3650 1317 3711 Christi
1341 3651 1568 3710 hostem
1623 3654 2011 3728 agnosceret?
2091 3650 2392 3725 Quodnam
2420 3651 2516 3709 hic
2544 3657 2698 3711 esset
2733 3657 2950 3727 myste-

547 3732 715 3807 rium,
748 3750 1013 3809 quaenam
1041 3732 1337 3808 sapientia,
1382 3750 1697 3808 agnoscere
1719 3730 2146 3791 Antichristum
2161 3733 2191 3788 ?
2292 3732 2388 3790 Ita
2408 3730 2804 3789 Antichristus
2831 3748 2948 3787 non

549 3812 891 3905 manifestus
935 3810 1150 3871 Christi
1175 3810 1360 3871 hostis
1389 3830 1516 3871 esse
1542 3810 1760 3887 debuit,
1813 3810 1916 3871 sed
1964 3810 2225 3871 occultus
2269 3819 2328 3869 et
2372 3809 2800 3870 clandestinus·
2785 3856 2800 3886 ,
2845 3810 2948 3887 qui

550 3894 660 3955 sub
688 3891 920 3952 nomine
950 3890 1275 3951 Christiano
1318 3891 1610 3950 Christum
1651 3910 1766 3971 opp
1726 3900 2028 3969 p,ugnaret
2060 3898 2119 3950 et
2145 3890 2253 3949 sub
2282 3888 2551 3950 cornibus
2595 3890 2756 3968 Agni
2799 3888 2945 3947 Dra-

1076 3972 1237 4031 conis
1277 3971 1666 4049 blasphemias
1705 3980 2006 4031 eructaret.
2093 3970 2393 4063 Quomodo
2445 3969 2835 4048 proditoribus
2889 3978 2948 4029 et

612 4054 767 4112 ΑΡΜ-
793 4053 893 4098 xm.
906 4050 980 4097 11·
1080 4052 1376 4146 apostatis,
1413 4050 1603 4130 qualis
1651 4059 1742 4111 est
1788 4049 2202 4127 Antichristus,
2249 4051 2309 4108 in
2353 4069 2510 4110 more
2543 4050 2795 4128 positum
2839 4057 2945 4125 est,

592 4172 755 4219 2001-
770 4173 833 4216 xi
864 4170 936 4225 14,
958 4168 1029 4215 15
1075 4132 1231 4211 regis
1286 4132 1378 4192 sui
1425 4152 1638 4191 nomen
1691 4139 1752 4191 et
1804 4131 2205 4192 auctoritatem
2225 4151 2343 4209 prae
2373 4150 2434 4190 se
2461 4131 2626 4207 ferre,
2657 4138 2722 4190 ιιι
2751 4128 2945 4189 subdi—

1071 4222 1163 4273 tos
1184 4212 1409 4273 facilius
1438 4211 1744 4291 decipiant,
1793 4211 2047 4271 Pseudo·
2026 4210 2361 4289 -prophetis,
2393 4211 2494 4290 qui
2547 4210 2672 4288 lupi
2699 4218 2834 4270 sunt
2859 4230 2950 4267 ra-

549 4316 739 4374 paces,
770 4298 967 4357 ovium
995 4295 1177 4374 pelles
1204 4293 1494 4371 inducere,
1525 4302 1585 4353 et
1643 4292 1870 4352 Satanae
1925 4292 1988 4350 in
2041 4292 2310 4369 angelum
2365 4291 2529 4367 lucis,
2589 4298 2646 4349 et
2673 4289 2952 4349 ministris

550 4376 679 4453 ejus
704 4377 766 4433 in
792 4377 1087 4435 ministros
1104 4374 1350 4453 justitiae
1378 4394 1441 4434 se
1468 4372 1890 4434 transformare.

636 4453 895 4513 XXIII.
940 4455 1279 4515 Pontificem
1320 4463 1513 4515 autem
1564 4454 1740 4514 talem
1781 4472 1906 4512 esse
1954 4452 2169 4512 Christi
2197 4452 2623 4526 Adversarium,
2670 4449 2825 4543 quis
2849 4468 2946 4507 ne-

549 4552 688 4611 gare
736 4534 1033 4609 sustineat,
1084 4534 1223 4593 dum
1260 4535 1599 4612 mysterium
1653 4534 1763 4592 hoc
1790 4533 2106 4611 inquitatis,
2157 4530 2228 4598 21⁶
2275 4527 2360 4589 >aa
2407 4556 2578 4589 rao-m
2626 4528 2953 4608 oppositum

547 4612 827 4691 mysterio
852 4612 1099 4692 pietatis,
1144 4614 1407 4675 attendit.
1491 4614 1613 4673 Nec
1645 4632 1788 4691 opus
1830 4623 1918 4673 est
1957 4613 2158 4672 multis
2196 4613 2345 4670 hanc
2387 4610 2805 4689 oppositionem
2853 4608 2951 4667 de-
