3234 5192
301 372 536 417 msrur.
566 350 657 431 v.]
1022 368 1253 410 nosrna
1297 366 1375 406 ΑΒ
1418 362 1702 406 accnnsu
1741 361 2010 404 aonam.
2601 342 2713 398 121

306 515 569 591 tiumque
586 508 747 588 quod
765 510 1073 583 evasimus,
1100 509 1209 568 sub
1225 514 1512 586 praetextu
1534 502 2016 564 reconciliationis
2037 500 2348 575 trahamur,
2373 497 2590 557 bellum
2613 498 2718 559 tali

310 615 451 674 pace
492 594 715 665 melius,
758 600 819 649 et
860 589 1165 649 dissidium
1212 589 1317 647 tali
1356 586 1567 646 unitati
1606 585 1782 660 longe
1823 580 2306 659 anteponendum.
2390 578 2524 636 Non
2564 598 2716 655 nego

310 676 483 735 etiam
512 671 733 751 aliquid
779 671 919 730 boni
962 670 1257 747 expectari
1303 686 1491 745 posse,
1544 665 1595 723 si
1647 665 1834 721 Roma
1883 662 2030 721 serio
2061 661 2132 720 de
2171 660 2261 719 sui
2313 656 2718 717 reformatione

314 756 611 833 cogitaret,
658 760 717 811 et
764 749 1249 829 quemadmodum
1291 748 1513 825 justam
1560 744 1732 805 nobis
1769 764 1804 801 a
1853 762 1916 803 se
1942 740 2249 801 recedendi
2276 757 2510 797 causam
2536 738 2717 814 dedit,

315 837 479 896 daret
505 835 680 895 etiam
724 852 957 891 causam
1010 831 1086 889 ad
1127 850 1189 889 se
1236 826 1533 902 redeundi,
1566 833 1625 883 et
1668 824 1900 902 quidem
1949 822 2126 900 priori
2155 818 2516 879 contrariam.
2605 816 2724 877 Sed

315 916 573 994 quandiu
593 915 736 992 ipsa,
767 910 1175 989 infallibilitate
1204 909 1471 987 opinione
1508 906 1686 981 ebria,
1733 905 2034 981 antiquum
2079 919 2305 979 semper
2332 898 2635 975 obtinebit,
2666 904 2726 957 et

318 997 551 1057 eosdem
580 1012 803 1053 errores
844 992 1211 1067 foedissimos,
1242 988 1661 1048 crassissimam
1683 983 2070 1044 idololatriam
2098 990 2156 1041 et
2199 978 2568 1058 tyrannidem
2614 979 2721 1038 du·

317 1076 605 1135 rissimam
634 1072 1059 1153 propugnabit3
1124 1069 1385 1149 quandiu
1424 1067 1750 1127 necessario
1777 1066 1940 1124 volet
1987 1063 2145 1123 credi
2189 1061 2298 1121 sub
2341 1059 2728 1119 anathematis

318 1177 489 1235 poena
516 1152 793 1234 quicquid
841 1153 1139 1213 definitum
1187 1158 1277 1210 est
1319 1150 1381 1207 in
1426 1147 1686 1207 Concilio
1735 1146 2089 1219 Tridentino,
2122 1152 2182 1201 et
2224 1140 2503 1219 quicquid
2551 1142 2726 1217 Papae

319 1237 555 1296 libuerit
602 1235 674 1295 de
720 1234 987 1294 omnibus
1028 1230 1449 1311 quaestionibus
1486 1226 1834 1305 theologicis
1881 1224 2296 1302 pronuncia-03
2367 1240 2484 1280 uno
2525 1221 2725 1295 verbe,

322 1318 579 1395 quandiu
598 1316 779 1377 stabit
806 1315 982 1393 Papa,
1014 1313 1203 1391 qualis
1224 1332 1260 1370 a
1286 1312 1408 1370 suis
1436 1309 1698 1383 habetur,
1743 1314 1803 1365 et
1829 1306 2058 1383 qualem
2089 1324 2149 1362 se
2177 1302 2378 1361 haberi
2405 1302 2550 1376 vult,
2581 1300 2728 1359 frus-

322 1407 416 1457 tra
455 1405 623 1457 erunt
664 1396 765 1473 qui
809 1395 881 1454 de
924 1392 1389 1454 reconciliatione
1431 1389 1760 1466 loquentur.
1842 1386 1920 1445 Et
1965 1384 2172 1443 merito
2200 1382 2490 1459 conjicias,
2523 1382 2574 1439 si
2615 1380 2733 1440 sint

328 1478 519 1537 adhuc
546 1498 578 1535 e
618 1476 847 1552 nostris,
880 1494 980 1535 eos
1020 1474 1168 1532 nihil
1196 1472 1355 1532 aliud
1381 1471 1444 1528 in
1472 1469 1665 1527 animo
1695 1467 1904 1526 habere
1935 1463 2222 1542 ejusmodi
2251 1461 2525 1537 consiliis,
2557 1479 2732 1537 quam

327 1557 405 1617 ad
432 1567 655 1635 turpem
697 1556 1045 1635 apostasiam
1086 1554 1244 1612 viam
1292 1551 1405 1612 sibi
1448 1558 1810 1629 praestruere,
1861 1546 2242 1605 desectionem
2271 1562 2435 1601 suam
2462 1542 2572 1601 hoc
2613 1560 2735 1599 rec-

204 1710 209 1715 ,
324 1639 474 1699 torio
516 1638 905 1711 incrustandO,
950 1645 1016 1696 ut
1056 1636 1271 1712 majore
1300 1652 1429 1692 cum
1451 1638 1738 1709 praetextu
1787 1636 1845 1688 et
1891 1626 2099 1706 plausu
2146 1625 2210 1683 in
2255 1630 2444 1683 castra
2485 1620 2740 1681 hostium

328 1727 640 1793 transeant,
685 1718 843 1794 quod
890 1718 951 1775 in
991 1718 1061 1774 N
1058 1716 1257 1793 igr-ino,
1293 1714 1570 1787 Godurco,
1610 1709 1933 1779 Milleterio,
1964 1716 2024 1767 et
2053 1705 2181 1765 aliis
2211 1705 2419 1763 visum.
2508 1704 2571 1763 Si
2598 1721 2739 1760 vero

332 1800 451 1859 sint
478 1820 553 1858 ex
581 1797 949 1873 adversariis,
980 1816 1081 1855 eos
1120 1813 1309 1855 meras
1337 1792 1507 1851 nobis
1556 1800 1775 1851 struere
1804 1788 2062 1863 insidiae,
2096 1794 2156 1845 et
2183 1804 2395 1864 equum
2423 1784 2738 1862 Trojanum

333 1878 641 1956 Papisticis
668 1878 957 1937 erroribus
984 1875 1258 1936 refertum
1302 1872 1583 1932 Ecclesiis
1629 1870 1978 1930 Reformatis
2005 1865 2330 1942 obtrudere,
2361 1873 2427 1924 ut
2447 1867 2580 1943 jure
2608 1865 2739 1922 Da-

330 1980 474 2019 naos
502 1959 695 2017 timere
722 1958 1037 2017 debeamus
1064 1957 1233 2015 etiam
1260 1957 1411 2013 dona
1423 1956 1691 2026 ferentes.

416 2038 747 2098 XXXIX.
794 2038 1035 2095 Frustra
1060 2056 1201 2095 vero
1230 2034 1636 2093 obtenderetur
1677 2036 1996 2091 conventus
2025 2028 2234 2104 aliquis
2261 2025 2560 2102 utriusque
2591 2042 2746 2082 com·

334 2118 627 2179 munionis
681 2118 1101 2196 theologorum,
1159 2119 1221 2176 in
1275 2138 1391 2195 quo
1446 2112 1670 2177 omnia-
1703 2117 1967 2187 accurate
2023 2108 2301 2165 deberent
2355 2104 2627 2182 expendi,
2681 2110 2740 2161 et

337 2200 567 2259 sanciri.
653 2198 803 2256 Nam
846 2199 895 2257 si
923 2199 1039 2257 tale
1067 2198 1209 2275 quid
1248 2198 1491 2276 proponi
1532 2186 1786 2273 deberet]
1802 2188 1877 2255 in
1905 2187 2153 2255 concilio
2165 2184 2450 2273 -gencrali
2478 2184 2662 2243 libero
2691 2190 2752 2240 et

335 2279 601 2355 legitimo
669 2278 1079 2338 excutiendum
1125 2287 1296 2353 esset,
1348 2278 1423 2337 ad
1488 2279 1646 2355 quod
1687 2278 1836 2337 liber
1883 2296 2151 2336 accessus
2201 2269 2460 2334 daretur·
2481 2262 2751 2350 &fluibus

338 2378 587 2437 quorum
614 2359 867 2433 interest,
899 2367 958 2418 et
984 2360 1153 2436 cujus
1178 2360 1353 2418 unica
1390 2378 1593 2417 norma
1635 2366 1694 2417 et
1733 2358 1936 2435 regula
1963 2365 2116 2417 esset
2147 2356 2444 2434 Scriptura
2475 2354 2658 2414 Sacra
2695 2347 2756 2399 et

336 2459 459 2499 vox
492 2439 739 2517 Spiritus
765 2440 979 2515 Sancti,
1012 2439 1263 2517 supremi
1291 2438 1521 2498 Judicis
1550 2438 1611 2495 in
1643 2438 1938 2515 Scriptura
1965 2437 2270 2514 loquentis,
2316 2435 2474 2512 quod
2501 2437 2562 2494 in
2589 2432 2778 2494 vetet-x

339 2520 501 2579 ribus
542 2518 801 2579 conciliis
842 2518 952 2578 fuit
994 2520 1331 2594 factitatum,
1377 2517 1480 2576 nbi
1520 2518 1581 2577 in
1625 2517 1818 2576 medio
1864 2538 2170 2577 consessus
2198 2518 2442 2577 thronus
2483 2517 2593 2575 fuit
2639 2536 2758 2575 una
2811 2518 2821 2523 “

340 2621 472 2659 cum
499 2600 649 2659 libro
695 2600 1021 2675 Evangelii,
1054 2598 1183 2657 vice
1227 2598 1457 2673 Christi,
1488 2606 1555 2656 ut
1596 2597 1869 2656 observat
1911 2598 2200 2658 Baronius
2242 2597 2318 2655 ad
2347 2617 2398 2656 a.
2429 2599 2566 2657 325.
2651 2598 2752 2655 An

338 2700 480 2739 vero
507 2681 623 2739 tale
652 2679 960 2738 concilium
1002 2678 1297 2756 expectari
1324 2678 1509 2755 possit
1534 2677 1726 2755 hodie,
1763 2677 1986 2755 Synodi
2013 2677 2369 2737 Tridentinae
2397 2677 2756 2756 experientia

340 2760 512 2820 nimis
560 2760 773 2833 docuit,
805 2779 935 2836 quae
962 2778 1095 2818 cum
1124 2778 1199 2817 ex
1247 2766 1385 2817 voto
1412 2758 1640 2835 piorum
1688 2758 1944 2817 omnium
1993 2757 2176 2816 libera
2215 2766 2633 2835 expectaretur,
2678 2759 2754 2818 ad

342 2841 535 2899 omnia
577 2838 961 2917 expendenda
1000 2858 1078 2897 ex
1136 2840 1259 2897 solo
1324 2838 1437 2897 Dei
1492 2839 1690 2913 verbo,
1748 2846 1806 2897 et
1856 2838 2178 2897 Ecclesiam
2222 2836 2644 2895 reformandam
2689 2838 2752 2895 in

343 2922 529 2998 capite
584 2929 643 2980 et
682 2920 973 2993 membris,
1020 2920 1185 2977 nulla
1211 2926 1405 2977 tamen
1433 2918 1561 2977 visa
1588 2926 1678 2977 est
1718 2918 1985 2995 iniquior,
2017 2926 2076 2976 et
2103 2915 2178 2975 ad
2209 2915 2558 2975 Pontificum
2599 2918 2750 2975 arbi-

342 3001 518 3060 trium
558 3001 747 3078 magis
789 3000 1130 3076 mancipata,
1155 2996 1330 3075 quod,
1360 3006 1571 3075 praeter
1610 2997 1776 3073 alios,
1808 2997 2216 3055 celeberrimus
2257 2996 2664 3073 Heideqyerus,
2695 2998 2757 3055 in

344 3100 537 3154 auree,
569 3079 725 3157 quod
752 3079 1067 3139 novissime
1090 3078 1290 3153 edidit,
1314 3079 1619 3135 Analomes
1652 3077 1890 3137 Concilz‘i
1933 3076 2252 3135 Tw’clentini
2275 3095 2463 3153 opere,
2494 3076 2758 3153 pluribus

342 3159 695 3235 argumentis
738 3159 1083 3219 solidissime
1126 3157 1560 3216 demonstravit.
1666 3158 1746 3215 Et
1808 3158 1934 3233 hoc,
1985 3156 2084 3215 vel
2132 3176 2209 3215 ex
2258 3156 2382 3215 sola
2430 3157 2604 3234 Papae
2651 3177 2756 3235 per

344 3239 571 3317 legatos
600 3260 737 3299 suos
791 3239 1177 3318 praesidentia,
1224 3245 1423 3317 patere
1469 3244 1680 3316 potest.
1764 3237 1936 3298 Unde
1985 3236 2308 3296 Cardinalis
2365 3236 2758 3315 Lotharingus

346 3320 603 3398 graviter
629 3322 991 3398 querebatur,
1020 3322 1056 3353 “
1081 3319 1401 3379 Concilium
1432 3317 1667 3377 minime
1698 3317 1944 3378 liberum
1973 3337 2118 3395 esse,
2140 3338 2271 3377 cum
2291 3338 2480 3395 neque
2501 3319 2754 3393 tractari,

340 3420 531 3479 neque
560 3402 793 3461 decerni
819 3402 1129 3478 quicquam
1157 3400 1357 3477 possit,
1390 3400 1503 3459 nisi
1544 3398 1702 3477 quod
1741 3399 1954 3476 legatis
1993 3400 2236 3477 placeat,
2281 3408 2340 3458 et
2379 3399 2562 3477 legati
2607 3399 2755 3458 nihil

344 3480 459 3541 nisi
512 3481 585 3540 de
626 3481 921 3543 voluntate
966 3479 1143 3559 Papae
1186 3481 1462 3555 faciunt,''
1506 3479 1661 3557 apud
1693 3480 1946 3539 Suavem
1992 3479 2294 3555 Polanum,
2337 3480 2440 3539 lib.
2483 3480 2586 3538 vii.
2614 3500 2750 3557 pag.

344 3562 483 3621 596.
568 3562 646 3621 Et
674 3570 874 3621 notum
902 3560 1012 3621 fuit
1038 3561 1408 3638 proverbium
1435 3561 1539 3620 illo
1566 3568 1824 3639 tempore
1866 3560 2168 3637 jactatum,
2217 3563 2253 3593 “
2281 3559 2558 3638 Spiritum
2586 3560 2754 3619 illum

345 3650 623 3717 sanetum,
656 3642 759 3719 qui
800 3641 1139 3701 Tridentina
1180 3640 1422 3700 consilia
1462 3642 1763 3719 gubernat,
1809 3640 1870 3697 in
1909 3640 2162 3700 mantica
2201 3640 2460 3699 clausum
2506 3638 2751 3699 subinde

346 3722 535 3782 Roma
559 3722 771 3782 mitti.''
856 3723 997 3801 Ipsa
1036 3722 1351 3799 quinetiam
1405 3720 1692 3799 SynoduS,
1749 3721 1903 3780 Sess.
1947 3741 2091 3779 xxv.
2121 3740 2246 3797 cap.
2270 3723 2367 3796 21,
2411 3718 2750 3779 servitutem

346 3821 507 3863 suam
526 3802 669 3863 satis
688 3810 950 3879 testatur,
995 3822 1171 3881 quum
1201 3801 1473 3877 declarat,
1507 3804 1542 3835 “
1566 3800 1774 3861 Omnia
1799 3808 1860 3860 et
1899 3800 2146 3878 singula,
2178 3800 2286 3859 sub
2313 3799 2753 3877 quibuscunque

344 3882 619 3941 clausulis
647 3892 706 3942 et
733 3883 944 3959 verbis,
975 3902 1105 3961 quae
1127 3882 1199 3940 de
1228 3902 1453 3941 morum
1492 3882 1898 3941 reformatione
1926 3888 1986 3941 et
2013 3880 2406 3940 ecclesiastica
2445 3877 2753 3956 disciplina

345 3962 454 4023 sub
485 3963 668 4021 Paulo
697 3962 817 4023 III.
861 3972 921 4022 et
948 3961 1057 4021 Pio
1086 3960 1202 4020 IV.
1232 3962 1295 4019 in
1322 3981 1485 4021 sacro
1514 3963 1773 4023 Concilio
1817 3969 2032 4021 statuta
2060 3969 2211 4036 sunt,
2241 3959 2324 4019 ita
2349 3959 2582 4018 decreta
2602 3977 2748 4033 esse,

346 4050 413 4101 ut
458 4043 519 4099 in
548 4042 640 4101 his
688 4044 853 4102 salva
880 4062 1105 4120 semper
1146 4042 1457 4102 auctoritas
1489 4042 1658 4103 Sedis
1709 4041 2066 4121 Apostolicae
2095 4049 2153 4100 et
2181 4041 2258 4099 sit
2297 4048 2356 4097 et
2383 4058 2510 4097 esse
2537 4038 2750 4097 intelli-

346 4123 576 4199 gatur.''
661 4122 831 4196 Quod
878 4122 929 4181 si
969 4124 1082 4182 tale
1126 4122 1432 4181 concilium
1459 4124 1812 4201 proponitur,
1843 4132 1910 4181 ut
1955 4121 2181 4181 nullum
2221 4118 2378 4179 aliud
2420 4119 2531 4178 hoc
2556 4137 2750 4176 rerum

346 4210 503 4261 statu
530 4202 822 4279 expectari
850 4210 1055 4280 potest,
1088 4203 1148 4261 in
1176 4224 1291 4281 quo
1334 4203 1481 4262 nihil
1508 4204 1799 4264 sanciatur
1845 4202 1959 4261 nisi
1987 4202 2154 4261 salva
2180 4198 2536 4278 Apostolicae
2583 4198 2752 4257 Sedis

344 4283 702 4357 auctoritate,
763 4281 905 4359 quid
944 4282 1103 4342 aliud
1144 4304 1318 4361 quam
1358 4284 1673 4344 ludibrium
1713 4283 1944 4357 debent,
1991 4282 2092 4358 qui
2133 4280 2274 4340 talia
2313 4279 2410 4337 vel
2450 4278 2512 4336 in
2553 4278 2746 4338 animo

342 4364 575 4440 habent,
607 4363 705 4422 vel
731 4362 861 4423 aliis
890 4363 1129 4423 suadere
1158 4371 1440 4423 conantur
1457 4368 1486 4423 ?

424 4444 561 4503 XL.
609 4442 781 4505 Unde
810 4442 971 4503 nulla
997 4444 1177 4505 tutior
1204 4452 1263 4503 et
1290 4443 1750 4523 compendiosior
1777 4462 1904 4501 sese
1932 4440 2008 4501 ab
2035 4439 2127 4499 his
2153 4439 2378 4518 laqueis
2406 4440 2747 4517 extricandi,

342 4544 489 4601 quos
529 4526 923 4603 pacificatores
970 4526 1070 4584 isti
1116 4524 1349 4584 subdoli
1396 4544 1529 4583 cum
1571 4522 1876 4581 Henoticis
1919 4520 2040 4581 suis
2069 4520 2326 4581 consiliis
2365 4530 2620 4597 nectunt,
2651 4522 2752 4581 via

344 4603 530 4681 datur,
561 4626 734 4683 quam
764 4606 813 4664 si
840 4626 1120 4683 generose
1148 4625 1219 4664 ea
1244 4622 1585 4683 respuamus
1612 4610 1672 4661 et
1710 4622 2047 4661 maneamus
2089 4602 2149 4659 in
2190 4602 2435 4662 veritate
2477 4612 2538 4662 et
2577 4603 2752 4663 liber·-

340 4691 475 4761 tate,
507 4704 681 4762 quam
711 4685 974 4745 Christus
996 4686 1165 4745 nobis
1192 4685 1431 4763 peperit,
1474 4702 1583 4742 nec
1623 4682 1911 4761 patiamur
1951 4702 2058 4741 nos
2085 4682 2294 4743 itermn
2337 4683 2446 4743 sub
2493 4684 2751 4760 pristinae
