3234 5192
518 327 639 386 430
1071 339 1148 378 DE
1178 337 1658 380 snrlsmc'rrosrs
1688 339 1926 378 cunlsrr
1955 336 2372 382 uacussmnrn.
2529 321 2791 406 [msPUT.
2825 349 2938 389 xu.

1002 480 1237 540 Πολλάκις
1266 485 1355 537 καὶ
1384 479 1634 556 {upana-a
1661 481 1811 542 πόλις
1839 488 2001 538 κακοῦ
2017 478 2181 561 aideb:
2211 483 2422 562 irrumpi,

518 613 576 665 et
597 604 754 664 istud
782 603 1069 661 Venusini
1101 602 1314 675 Poetae,

999 723 1284 799 Quicquid
1308 723 1555 780 delirant
1578 724 1763 798 Reyes
1781 725 2105 797 plectuntur
2132 723 2346 782 Achivi.

516 877 811 946 Plutarch.
839 883 939 941 lib.
971 882 1043 940 de
1073 901 1201 940 sera
1229 880 1499 939 Numinis
1540 880 1802 940 vindicta
1830 882 2006 940 variis
2033 884 2392 959 argumentis
2436 885 2692 946 ostendit
2739 887 2928 948 neuti-

513 987 688 1044 quam
710 963 997 1043 justitiam
1026 961 1285 1019 divinam
1314 981 1441 1020 esse
1470 961 1856 1019 accusandam
1883 961 2040 1040 quod
2067 983 2102 1020 a
2129 963 2327 1022 multis
2355 965 2514 1024 haud
2533 966 2929 1044 infrequenter

511 1047 687 1106 alieni
716 1043 949 1103 sceleris
976 1061 1176 1118 poenas
1205 1041 1421 1117 exigat.
1510 1040 1775 1117 Denique
1803 1061 1920 1100 non
1963 1043 2260 1102 insolitum
2303 1043 2482 1104 fuisse
2530 1047 2686 1124 apud
2713 1049 2926 1108 Ethni·

510 1147 611 1186 cos
665 1145 895 1204 posnam
944 1121 1181 1180 alterius
1226 1120 1391 1180 alteri
1438 1120 1732 1197 imponere
1780 1122 2042 1180 historici
2086 1123 2302 1200 passim
2347 1125 2694 1203 ostendunt3
2741 1128 2924 1206 Apud

510 1208 719 1266 Persas
748 1205 885 1264 olim
914 1204 989 1262 ob
1017 1201 1189 1260 unius
1226 1221 1439 1259 noxam
1466 1201 1706 1278 periisse
1733 1202 2218 1279 propinquitatem
2246 1205 2501 1281 prodidit
2523 1206 2920 1269 Marcellinus.

506 1287 690 1365 Apud
719 1283 1070 1344 Macedonas
1098 1282 1311 1340 devota
1338 1281 1515 1340 fuisse
1544 1281 1734 1357 capita
1761 1301 1960 1340 eorum
1997 1283 2097 1360 qui
2119 1285 2398 1360 sanguine
2426 1286 2753 1363 perduelles
2782 1309 2918 1347 con·

508 1369 799 1446 tingerent
828 1363 1163 1424 observavit
1192 1361 1443 1434 CurtiuS,
1472 1360 1573 1418 lib.
1603 1361 1702 1437 vi.,
1725 1363 1862 1420 etin
1885 1362 2128 1422 Graeciae
2139 1365 2472 1424 civitatibus
2493 1386 2710 1425 morem
2739 1367 2920 1429 fuisse

506 1469 638 1508 cum
666 1445 929 1524 tyrannis
956 1453 1334 1521 tyrannorum
1384 1441 1599 1499 liberos
1647 1442 1833 1500 occidi
1861 1451 2107 1502 testatur
2134 1443 2516 1520 Halicarnas.,
2547 1447 2648 1505 lib.
2681 1448 2824 1524 viii„
2857 1458 2919 1509 et

507 1529 659 1588 Tull.
692 1526 767 1584 ad
795 1526 1042 1584 Brutum
1074 1523 1261 1599 Epist.
1290 1541 1390 1579 xv·
1476 1520 1617 1595 Quae
1648 1542 1832 1598 pauca
1861 1543 1938 1580 ex
1963 1523 2279 1582 innumeris
2321 1545 2450 1601 quae
2479 1536 2790 1604 suppetunt
2818 1547 2917 1588 su-

504 1629 608 1687 per
636 1609 745 1665 hac
772 1626 833 1664 re
860 1603 1207 1664 testimoniis
1228 1622 1263 1660 a
1290 1601 1457 1660 nobis
1500 1600 1829 1661 delibantur
1849 1611 1908 1662 et
1947 1602 2286 1680 referuntur,
2331 1625 2448 1663 non
2469 1607 2632 1682 quasi
2667 1607 2791 1665 haec
2807 1628 2916 1685 per

505 1687 699 1747 omnia
752 1684 921 1742 nobis
967 1683 1297 1760 probentur,
1357 1681 1459 1740 sed
1513 1689 1738 1740 tantum
1793 1690 1860 1741 ut
1911 1683 2141 1741 inanem
2197 1691 2256 1742 et
2309 1684 2516 1744 salsum
2562 1705 2686 1744 esse
2729 1707 2910 1762 quam

504 1768 678 1846 paulo
706 1773 839 1823 ante
863 1763 1124 1840 jactabat
1150 1761 1543 1820 Adversarius
1572 1762 1828 1820 omnium
1856 1765 2116 1840 gentium
2137 1771 2337 1823 contra
2351 1767 2500 1824 hanc
2521 1784 2700 1843 poenae
2717 1773 2910 1827 trans-

507 1847 782 1907 lationem
812 1861 1157 1902 consensum
1184 1841 1664 1900 demonstremus.

588 1923 919 1984 XXXIX.
963 1923 1096 1981 Non
1125 1941 1405 1999 negamus
1444 1929 1640 1980 tamen
1667 1921 2134 1982 substitutionem
2173 1925 2323 1982 hanc
2351 1924 2533 1984 multo
2559 1924 2744 1984 rarius
2771 1945 2910 1985 con·

505 2008 730 2085 tingere
759 2023 933 2083 quam
960 2003 1021 2060 in
1050 2002 1247 2062 debito
1276 2001 1625 2080 pecuniario,
1657 2003 1740 2061 ita
1767 2009 1832 2061 ut
1859 2003 1962 2060 vix
1985 2024 2052 2063 ac
2080 2025 2152 2063 ne
2173 2005 2278 2062 vix
2299 2005 2535 2081 quidem
2561 2005 2732 2064 hodie
2759 2005 2913 2067 inter

507 2087 865 2148 Christianos
892 2081 1219 2142 istiusmodi
1260 2082 1527 2160 exempla
1554 2091 1872 2156 occurrant,
1919 2085 2404 2160 quemadmodum
2433 2085 2588 2162 apud
2617 2085 2912 2148 Romanos

502 2167 905 2245 fidejussiones
934 2164 995 2222 in
1021 2182 1193 2241 poena
1220 2163 1452 2240 capitali
1482 2163 1866 2240 vetabantur3
1911 2163 2131 2224 Verum
2160 2184 2278 2226 non
2325 2163 2459 2222 inde
2485 2165 2737 2242 petenda
2763 2168 2910 2227 ratio

502 2257 593 2308 est
620 2247 778 2326 quod
804 2265 897 2304 res
925 2245 985 2302 in
1014 2263 1077 2303 se
1106 2245 1182 2302 sit
1230 2242 1565 2320 simpliciter
1601 2243 1835 2321 injusta,
1883 2243 1988 2302 sed
2035 2243 2192 2320 quod
2219 2245 2542 2322 periculosa
2581 2246 2656 2304 sit
2699 2255 2758 2305 et
2783 2247 2909 2305 fieri

502 2348 620 2386 non
648 2325 831 2403 possit
850 2325 972 2383 siue
990 2324 1158 2400 gravi
1178 2323 1481 2398 dispendio
1508 2332 1574 2381 ut
1595 2323 1721 2399 jam
1745 2323 1984 2382 dicetur.
2029 2324 2424 2383 Adversarius
2445 2325 2562 2384 duo
2580 2325 2912 2385 discrimina

502 2406 598 2464 hic
626 2405 807 2478 affert,
840 2404 944 2461 sed
970 2411 1177 2480 proeter
1204 2401 1483 2460 rationem
1514 2411 1850 2479 utrumque:
1877 2406 1930 2462 1.
1953 2405 2218 2479 Pecunia,
2239 2404 2444 2481 inquit,
2464 2415 2654 2480 potest
2677 2408 2909 2466 alterius

484 2487 641 2565 fieri,
672 2503 785 2543 non
812 2491 999 2541 autem
1025 2482 1279 2558 corporis
1306 2482 1527 2540 vexatio
1546 2505 1564 2538 :
1611 2481 1728 2541 Sed
1745 2503 1847 2540 cur
1863 2484 2118 2561 corporis
2163 2481 2401 2544 vexatio
2430 2503 2531 2543 seu
2553 2505 2708 2544 mors
2737 2486 2910 2546 unius

504 2565 673 2625 alteri
700 2562 971 2642 imputari
998 2582 1101 2638 per
1149 2561 1585 2620 aestimationem
1625 2561 1935 2639 juridicam
1985 2583 2102 2622 non
2150 2565 2376 2641 poterit,
2422 2565 2910 2641 quemadmodum

498 2645 746 2724 pecunia
771 2664 806 2701 a
834 2641 1173 2720 fidejussore
1213 2649 1513 2700 numerata
1554 2650 1823 2701 censetur
1884 2663 2011 2702 esse
2053 2643 2328 2703 debitoris
2375 2644 2559 2722 ipsius
2579 2648 2608 2704 P
2689 2646 2908 2706 Paulus

500 2726 647 2784 nihil
673 2725 769 2784 hic
796 2722 1032 2782 absurdi
1060 2721 1209 2781 vidit
1236 2720 1374 2780 dum
1400 2722 1483 2781 ait
1532 2724 1569 2755 ‘⁴
1587 2743 1702 2782 uno
1731 2743 1836 2800 pro
1863 2723 2031 2796 nobis
2073 2723 2353 2784 moriente
2401 2743 2602 2784 omnes
2649 2734 2907 2786 mortuos

501 2807 684 2882 esse‚’'
716 2810 751 2864 2
782 2804 913 2864 Cor.
936 2824 993 2864 v.
1029 2806 1121 2879 14,
1152 2802 1420 2861 nimirum
1450 2802 1585 2880 quia
1610 2803 1786 2862 unius
1829 2823 1983 2862 mors
2031 2805 2286 2863 omnium
2315 2805 2657 2864 censebatur
2683 2825 2784 2883 per
2819 2806 2910 2864 di-

501 2889 698 2946 vinam
726 2885 1162 2964 imputationem
1187 2905 1201 2960 ;
1247 2887 1303 2941 2.
1336 2883 1449 2958 Qui
1477 2883 1780 2961 pecuniam
1807 2903 1912 2961 pro
1945 2884 2127 2944 altero
2157 2885 2331 2944 solvit
2374 2904 2702 2962 regressum
2729 2887 2909 2946 habet

501 2969 577 3027 ad
604 2967 925 3027 debitorem
950 2963 1326 3043 principalem
1354 2973 1412 3022 et
1439 2963 1482 3024 J
1486 2982 1555 3022 us
1580 2964 1748 3022 illum
1775 2965 2224 3023 reconveniendi
2269 2973 2327 3023 et
2355 2966 2654 3042 repetendi
2681 2965 2755 3024 ab
2774 2966 2906 3044 ipso

500 3048 658 3126 quod
678 3068 781 3124 pro
810 3047 913 3105 illo
941 3045 1117 3105 solvit
1142 3067 1156 3104 ε
1198 3051 1260 3102 at
1287 3063 1425 3103 vero
1448 3044 1545 3121 qui
1577 3044 1758 3102 vitam
1785 3064 1889 3120 pro
1911 3044 2092 3102 altero
2113 3045 2410 3122 impendit,
2442 3065 2549 3104 nec
2577 3065 2908 3122 regressum

498 3128 684 3187 ullum
706 3127 882 3185 habet
908 3125 984 3184 ad
1011 3145 1143 3183 eum
1193 3144 1297 3200 pro
1346 3143 1462 3200 quo
1513 3123 1767 3201 seipsum
1815 3124 2071 3200 tradidit,
2120 3144 2228 3183 nec
2264 3125 2364 3203 jus
2408 3125 2707 3202 repetendi
2751 3125 2814 3184 in
2841 3147 2906 3185 se

498 3206 771 3266 transfert
797 3205 1037 3280 praecisa
1065 3203 1221 3261 omni
1248 3202 1539 3276 facultate,
1570 3202 1687 3261 imo
1717 3204 1945 3280 cogitur
1971 3205 2032 3262 in
2059 3213 2398 3282 perpetuum
2427 3205 2550 3264 vita
2577 3225 2684 3264 sua
2711 3225 2906 3266 carere

496 3286 611 3342 nisi
640 3282 870 3341 aliunde
893 3283 1244 3340 restituatur.
1310 3282 1485 3358 Resp.
1532 3283 1642 3340 hoc
1664 3283 1897 3360 quidem
1915 3283 2224 3343 discrimen
2248 3285 2400 3344 inter
2425 3285 2689 3346 homines
2709 3285 2904 3345 locum

493 3363 709 3423 habere
737 3381 853 3419 non
881 3361 1205 3434 diffitemur,
1238 3360 1341 3418 sed
1368 3361 1515 3419 illud
1539 3370 1736 3419 tamen
1762 3382 1880 3420 non
1905 3364 2052 3422 tanti
2072 3384 2200 3423 esse
2221 3365 2616 3442 pertendimus
2636 3374 2702 3426 ut
2727 3386 2903 3444 prop-

494 3453 654 3504 terea
681 3461 773 3500 res
798 3441 925 3499 haec
953 3439 1025 3499 de
1054 3458 1170 3516 qua
1196 3440 1439 3516 quaestio
1490 3448 1686 3499 nostra
1712 3441 2032 3502 instituitur
2076 3442 2296 3522 injusta
2341 3445 2633 3521 reddatur,
2680 3446 2822 3524 quid
2849 3447 2902 3505 si

494 3513 649 3584 enim
676 3540 921 3599 sponsor
941 3521 1003 3578 in
1023 3540 1084 3578 re
1112 3519 1443 3597 pecuniaria
1469 3518 1541 3578 de
1560 3520 1694 3597 jure
1721 3521 1823 3579 illo
1868 3533 2224 3584 numeratam
2253 3526 2555 3602 pecuniam
2601 3527 2906 3604 repetendi

494 3605 697 3665 cedere
726 3601 977 3661 voluerit
1004 3599 1251 3659 debitori
1279 3599 1581 3678 principali
1629 3620 1756 3658 eam
1805 3603 2066 3662 absolute
2115 3604 2325 3670 dando,
2365 3625 2442 3664 an
2483 3613 2786 3684 propterea
2811 3607 2900 3664 in-

483 3688 709 3765 justum
750 3683 860 3742 erit
900 3701 1033 3741 eum
1071 3700 1177 3758 pro
1212 3679 1394 3738 altero
1436 3680 1799 3758 fidejubere?
1881 3683 1976 3742 Ita
2013 3684 2152 3743 licet
2191 3705 2298 3742 vas
2339 3685 2401 3743 in
2447 3705 2619 3763 poena
2667 3686 2904 3764 capitali

492 3773 797 3844 cogeretur
838 3782 1029 3821 carere
1070 3760 1195 3819 vita
1234 3781 1408 3837 quam
1456 3760 1754 3838 impendit,
1798 3782 1904 3822 nec
1945 3763 2129 3822 ullum
2171 3784 2500 3842 regressum
2539 3767 2778 3826 haberet
2825 3766 2906 3825 ad

490 3867 671 3921 reum,
704 3863 823 3902 non
850 3848 1185 3920 sequeretur
1211 3849 1406 3900 tamen
1432 3861 1549 3899 non
1575 3861 1747 3919 posse
1777 3861 1838 3902 se
1867 3843 2128 3921 obligare
2157 3843 2216 3902 in
2263 3865 2333 3903 eo
2363 3845 2586 3905 scilicet
2611 3866 2752 3906 casu
2779 3865 2900 3924 quo

488 3928 678 4005 majus
706 3922 943 4002 aliquod
963 3923 1085 3982 vita
1110 3921 1238 3998 ipsa
1265 3920 1481 3980 bonum
1512 3941 1573 3980 se
1602 3923 1880 3999 consequi
1915 3922 2214 3983 moriendo
2241 3932 2424 4002 putat,
2477 3935 2541 3985 ut
2569 3927 2630 3984 in
2650 3926 2900 3986 heroicis

486 4007 605 4066 illis
632 4006 842 4065 animis
869 4002 1067 4062 videre
1096 4011 1184 4060 est
1214 4001 1391 4060 vitam
1418 4021 1524 4079 pro
1552 4001 1753 4078 patriae
1779 4003 2176 4062 incolumitate
2221 4004 2719 4081 profundentibus,
2751 4014 2810 4065 et
2835 4006 2900 4064 in

488 4088 705 4146 sanctis
730 4084 1082 4161 martyribus
1108 4081 1405 4160 religionis
1434 4079 1737 4140 veritatem
1766 4089 1826 4140 et
1851 4082 2142 4166 evangelii
2169 4083 2490 4144 doctrinam
2511 4086 2742 4164 proprio
2763 4105 2896 4146 san-

487 4168 663 4245 guine
692 4164 1173 4242 obsignantibus:
1218 4161 1365 4221 Cum
1406 4180 1545 4239 ergo
1590 4161 1854 4220 Christus
1893 4163 1957 4220 in
1996 4163 2107 4221 hoc
2147 4165 2384 4242 negotio
2425 4167 2615 4242 majus
2659 4165 2898 4245 aliquod

486 4247 717 4325 propria
743 4247 867 4305 vita
894 4246 1109 4303 bonum
1164 4242 1453 4320 spectarit,
1508 4241 1622 4300 Dei
1649 4241 1870 4301 scilicet
1918 4243 2163 4318 gloriam
2211 4251 2272 4303 et
2319 4245 2599 4305 Ecclesiae
2629 4246 2894 4322 salutem,

487 4327 696 4386 mirum
723 4325 910 4384 videri
936 4344 1053 4383 non
1080 4322 1254 4382 debet
1280 4321 1332 4380 si
1358 4321 1541 4380 vitam
1568 4339 1732 4379 suam
1760 4342 1879 4398 prae
1915 4322 2018 4380 illo
2045 4323 2212 4400 parvi
2240 4324 2457 4400 fecerit,
2505 4326 2622 4384 imo
2651 4334 2899 4386 testatur

485 4405 625 4482 ipse,
657 4405 701 4464 J
704 4405 798 4463 oh.
828 4425 908 4479 x.,
937 4405 1049 4463 hoc
1080 4406 1116 4436 ‘⁴
1137 4402 1277 4461 boni
1304 4401 1553 4479 pastoris
1574 4419 1704 4460 esse
1724 4410 1791 4460 ut
1817 4401 2068 4461 animam
2096 4422 2261 4462 suam
2287 4425 2390 4482 pro
2420 4406 2629 4464 ovibus
2656 4406 2897 4483 ponat.’'

485 4482 735 4542 Accedit
762 4483 936 4542 etiam
963 4483 1119 4560 quod
1140 4483 1276 4541 licet
1295 4481 1557 4541 Christus
1578 4501 1907 4559 regressum
1927 4501 2044 4541 non
2065 4483 2276 4544 habeat
2304 4485 2380 4543 ad
2406 4505 2538 4545 reos
2559 4495 2617 4545 et
2640 4487 2742 4563 jus
2761 4485 2897 4545 illos

483 4561 929 4622 reconveniendi
970 4571 1035 4621 ut
1076 4561 1321 4620 reddant
1360 4561 1518 4638 quod
1558 4581 1663 4639 pro
1705 4561 1848 4640 ipsis
1889 4562 2083 4638 solvit,
2127 4583 2245 4623 non
2287 4575 2523 4624 coactus
2564 4575 2760 4625 tamen
2807 4575 2901 4624 est

483 4661 711 4720 semper
737 4639 861 4698 vita
888 4659 992 4700 sua
1020 4661 1230 4716 carere,
1261 4659 1377 4717 quo
1406 4647 1575 4718 pacto
1620 4640 1818 4719 aliqua
1861 4642 2159 4702 videretur
2208 4644 2440 4704 Christo
2490 4645 2642 4705 facta
2671 4645 2904 4724 injuria,

1851 4791 1928 4801 ·-—
