3234 5192
536 328 658 385 110
1234 344 1312 385 m:
1342 342 1704 383 necessum
1737 340 2086 383 sscessrouz
2601 320 2864 403 [msru‘r.
2893 344 2951 385 v.

530 486 805 545 occisum.
890 484 1037 544 Inde
1080 483 1387 559 flammam,
1438 484 1798 561 sanguinem,
1849 481 2055 557 caedeS,
2097 480 2416 559 sacrilegia,
2467 480 2786 558 latrocinia,
2817 484 2938 545 vim

529 566 837 644 publicam,
882 565 1313 640 immanitatem,
1358 572 1632 639 monstra,
1675 563 1958 640 prodigia,
2003 572 2062 622 et
2101 563 2383 621 malorum
2425 560 2634 621 iliades
2673 563 2946 625 miserum

528 664 773 723 regnum
794 646 920 723 jam
950 645 1311 722 septennium
1358 645 1650 720 integrum
1679 644 2005 701 exercere.'’
2091 642 2215 701 Nec
2243 641 2366 701 sine
2397 660 2570 701 causa
2607 641 2688 701 ita
2715 642 2945 702 ratioci-

528 726 791 800 nabatur,
836 725 1057 784 sciebat
1098 725 1319 783 seilicet
1346 744 1423 781 ex
1463 723 1625 782 bulla
1667 723 1760 781 Pii
1789 722 1918 794 IV„
1965 722 2120 781 edita
2159 741 2311 781 anno
2344 723 2517 779 1558.
2592 724 2628 755 “
2653 722 2849 799 Reges
2886 731 2946 783 et

525 806 833 883 principes,
865 824 1011 882 quos
1038 823 1142 882 pro
1172 804 1459 862 haereticis
1485 802 1698 861 habere
1727 802 1976 861 voluerit
2007 801 2295 876 Pontifex,
2325 820 2396 861 eo
2425 801 2551 877 ipso
2591 801 2810 879 absque
2839 802 2943 861 ali-

527 904 644 961 quo
692 886 844 962 juris
872 894 973 943 aut
1020 884 1159 943 facti
1184 882 1503 941 ministerio
1544 882 1666 940 suis
1692 882 1889 958 regnis
1932 891 1990 941 et
2033 882 2340 941 ducatibus
2387 882 2646 958 privatos
2673 882 2940 958 existere,

526 984 839 1041 regnaque,
899 962 1162 1037 ducatus,
1220 962 1491 1037 dominia,
1522 970 1581 1020 et
1610 962 1761 1020 bona
1787 962 2086 1039 publicari,
2133 971 2192 1021 et
2235 960 2383 1019 effici
2425 961 2575 1037 juris
2603 972 2662 1020 et
2688 962 2942 1039 proprie·

528 1045 666 1103 tatis
694 1064 909 1117 eorum,
942 1044 1043 1121 qui
1084 1043 1187 1101 illa
1226 1042 1413 1119 primo
1452 1043 1880 1117 occupaverint,
1925 1042 1976 1099 si
2002 1042 2062 1099 in
2090 1040 2418 1101 sinceritate
2457 1040 2592 1099 fidei
2636 1051 2694 1099 et
2723 1043 2942 1103 unitate

526 1142 707 1181 sacrae
738 1124 1015 1181 Romanae
1038 1122 1315 1181 Ecclesiae
1343 1140 1411 1180 ac
1440 1121 1549 1179 sub
1578 1122 1843 1180 Romano
1875 1120 2152 1181 Pontifice
2181 1120 2510 1179 obedientia
2535 1120 2806 1195 fuerint,’'
2831 1119 2940 1181 &c-

529 1202 657 1260 Imo
686 1211 746 1261 et
798 1202 1119 1261 interficere
1147 1203 1334 1277 licere,
1366 1220 1497 1261 cum
1526 1221 1601 1259 ex
1631 1200 1938 1261 directorio
1959 1201 2380 1279 inquisitorum,
2452 1244 2466 1259 .
2497 1204 2552 1271 3,
2587 1204 2623 1233 “
2640 1202 2942 1261 haereticos

526 1283 757 1360 propria
784 1281 1125 1343 auctoritate
1153 1301 1373 1359 capere,
1406 1281 1654 1358 spoliare
1681 1300 1750 1339 ac
1777 1280 2096 1340 interficere
2132 1280 2363 1355 liceat,”
2455 1300 2504 1339 c.
2551 1280 2720 1354 Quod
2748 1291 2940 1341 autem

524 1362 597 1421 de
625 1361 911 1421 haereticis
938 1362 1164 1437 dicitur,
1195 1360 1347 1421 idem
1404 1369 1463 1420 et
1484 1361 1554 1420 de
1584 1361 2098 1420 excommunicatis
2126 1360 2412 1435 statuitur,
2441 1360 2620 1420 Cano.
2641 1362 2940 1419 Excomm.

524 1462 699 1519 supra
726 1442 920 1501 citato.
1006 1442 1179 1501 Hane
1208 1461 1343 1499 sane
1371 1440 1734 1501 Jesuitarum
1761 1460 1887 1499 esse
1915 1449 2184 1515 mentem,
2224 1460 2465 1517 quorum
2517 1448 2691 1514 secta,
2723 1440 2941 1499 nullam

523 1523 825 1581 saeviorem
879 1522 941 1579 in
968 1540 1135 1597 reges
1162 1529 1223 1580 et
1268 1520 1557 1597 principes
1584 1540 1728 1592 esse,
1761 1540 1876 1579 non
1919 1519 2092 1579 modo
2119 1519 2418 1597 exemplis,
2465 1520 2570 1579 sed
2597 1528 2657 1579 et
2681 1520 2938 1579 testimo·

522 1602 635 1661 niis
662 1601 1101 1679 quamplurimis
1148 1600 1379 1678 probari
1420 1608 1634 1676 posset,
1667 1600 1717 1657 si
1759 1598 1820 1657 id
1849 1619 2002 1658 nunc
2046 1620 2384 1677 ageremus;
2429 1618 2504 1658 ex
2532 1599 2740 1675 quibus
2785 1599 2939 1659 claro

522 1688 762 1758 pateret,
820 1688 1113 1739 tantorum
1142 1680 1423 1739 scelerum
1451 1678 1547 1737 vel
1574 1688 1840 1738 auctores
1895 1680 1992 1737 vel
2019 1679 2428 1757 approbatores
2455 1678 2648 1753 fuisse,
2679 1678 2938 1755 adeoque

520 1760 770 1819 rotundo
798 1779 897 1819 ore
924 1779 1025 1818 eos
1064 1778 1183 1817 non
1222 1758 1401 1817 semel
1441 1759 1836 1835 pronunciare,
1880 1778 1997 1818 non
2051 1759 2222 1817 modo
2249 1758 2486 1833 licitam,
2511 1758 2613 1817 sed
2641 1767 2700 1817 et
2719 1758 2940 1836 justam

521 1858 651 1899 esse
678 1858 876 1898 eorum
904 1858 1107 1915 regum
1136 1857 1352 1911 necem,
1383 1838 1483 1914 qui
1512 1858 1547 1896 a
1576 1838 1644 1897 P.
1677 1838 1749 1897 R.
1773 1838 2255 1897 excommunicati
2283 1845 2342 1899 et
2367 1858 2548 1914 regno
2575 1838 2788 1915 privati
2815 1838 2937 1899 fue·

520 2018 657 2075 rege
686 2007 746 2058 et
764 1998 919 2075 regis
948 1997 1325 2072 institutione,
1350 2018 1401 2055 c.
1424 1997 1503 2056 vi.
1533 2007 1591 2057 et
1612 1996 1714 2055 vii.
1736 2019 1750 2071 ς
1783 1998 2166 2057 Bellarminus
2192 1997 2254 2055 in
2275 1997 2622 2071 Barclaium,
2654 2018 2704 2057 c.
2727 1997 2848 2072 vii„
2878 2006 2940 2059 et

518 2077 561 2136 l.
582 2098 639 2137 v.
656 2079 729 2137 de
752 2078 823 2137 R.
852 2078 917 2137 P.
938 2098 987 2137 c.
1008 2078 1130 2135 viii.
1156 2099 1169 2153 ;
1192 2077 1481 2136 Baroniua
1502 2077 1576 2135 ad
1598 2096 1691 2135 an.
1716 2079 1852 2136 800.
1875 2096 1920 2135 s.
1956 2081 2067 2153 10;
2097 2078 2312 2137 Suam
2337 2077 2401 2135 li.
2430 2077 2510 2136 vi.
2540 2077 2820 2138 adversus
2847 2098 2933 2139 re·

519 2178 653 2235 gem
678 2158 761 2217 M.
792 2157 1127 2232 Britanniae,
1149 2176 1197 2215 c.
1228 2156 1341 2232 iv.;
1372 2164 1430 2215 et
1458 2156 1557 2216 alii
1584 2176 1702 2215 non
1730 2157 1918 2234 pauci.

602 2238 827 2297 XXII.
872 2238 1045 2296 Hanc
1072 2256 1212 2295 vero
1240 2256 1601 2295 communem
1629 2245 1688 2296 et
1714 2246 2002 2313 receptam
2049 2236 2204 2313 apud
2251 2236 2408 2314 ipsos
2435 2256 2564 2296 esse
2593 2236 2934 2297 sententiam

516 2336 634 2375 non
664 2316 841 2376 semel
868 2317 1111 2394 agnovit
1136 2316 1297 2375 curia
1346 2316 1704 2390 Parisiensis,
1737 2325 1794 2375 et
1821 2326 2015 2393 aperte
2045 2324 2254 2375 testata
2281 2324 2396 2392 est;
2439 2316 2673 2393 quando
2705 2316 2935 2376 restitu-

516 2396 663 2457 tioni
714 2396 759 2456 J
762 2396 1073 2455 esuitarum
1103 2395 1259 2473 apud
1295 2414 1491 2473 regem
1518 2395 1928 2470 intercedebat,
1959 2404 2025 2455 ut
2052 2396 2329 2455 Thuanus
2357 2395 2529 2455 refert
2555 2397 2732 2457 variis
2759 2396 2822 2455 in
2848 2397 2932 2457 lo·

518 2476 621 2549 cis,
651 2484 712 2535 et
736 2475 1019 2552 imprimis
1047 2475 1197 2535 libro
1226 2476 1447 2533 cxxxii.
1476 2475 1579 2533 ubi
1630 2475 1902 2535 Harlaeus
1953 2479 1988 2509 “
2010 2476 2310 2536 Jesuitas''
2367 2476 2638 2549 ostendit,
2673 2480 2710 2510 “
2731 2484 2932 2535 votum

516 2556 861 2629 universale,
886 2564 945 2615 et
972 2555 1248 2615 doctrinas
1276 2555 1467 2631 capita
1494 2574 1690 2614 seeum
1711 2556 2128 2614 consentientia
2156 2575 2354 2615 omnes
2373 2555 2604 2631 habere,
2635 2564 2700 2615 ut
2725 2564 2936 2633 praeter

519 2635 862 2695 Pontificem
891 2635 1241 2712 superiorem
1268 2634 1491 2693 nullum
1520 2644 1856 2712 agnoscant,
1897 2636 2064 2711 eique
2091 2635 2268 2695 fidem
2295 2644 2354 2694 et
2379 2635 2767 2695 omnimodam
2795 2636 2931 2695 obe-

517 2714 793 2775 dientiam
822 2724 1110 2792 praestent,
1142 2713 1317 2792 idque
1342 2714 1524 2775 fixum
1556 2724 1613 2774 et
1661 2723 1848 2774 ratum
1897 2714 2150 2791 credant,
2200 2714 2542 2775 Pontificem
2587 2722 2932 2793 potestatem

514 2796 728 2855 habere
770 2796 925 2872 regis
966 2804 1133 2855 extra
1172 2794 1632 2853 communionem
1678 2794 1956 2853 Ecclesiae
1995 2794 2285 2872 ponendi;
2355 2814 2552 2872 regem
2593 2804 2784 2853 autem
2826 2814 2928 2855 ex-

515 2875 1000 2935 communicatum
1026 2883 1337 2951 tyrannum
1366 2894 1509 2945 esse,
1534 2882 1593 2933 et
1620 2874 1884 2936 subditos
1932 2884 2132 2933 contra
2157 2894 2289 2933 eum
2338 2874 2569 2952 impune
2611 2875 2926 2950 insurgere,

514 2954 767 3032 ipsorum
800 2974 1281 3032 unumquemque,
1313 2955 1415 3031 qui
1442 2954 1539 3013 vel
1566 2954 1884 3013 minoribus
1913 2955 2192 3013 Ecclesiae
2221 2954 2518 3013 ordinibus
2547 2955 2622 3014 sit
2648 2954 2926 3029 initiatus,

514 3036 901 3113 quodcunque
930 3036 1147 3093 crimen
1174 3034 1486 3111 admiserit,
1518 3035 1577 3093 in
1606 3035 1760 3095 laesae
1788 3035 2109 3111 majestatis
2157 3035 2368 3093 crimen
2395 3054 2512 3093 non
2541 3054 2710 3111 posse
2737 3034 2926 3095 ineur-

515 3133 659 3187 rere‚
690 3114 903 3190 quippe
932 3114 1033 3191 qui
1058 3115 1295 3173 minime
1324 3116 1441 3174 sint
1488 3114 1737 3192 amplius
1764 3115 1920 3190 regis
1971 3114 2204 3190 subditi,
2255 3133 2361 3173 nec
2380 3114 2773 3192 jurisdictioni
2800 3114 2928 3191 ejus

520 3192 785 3267 subjecti.
870 3192 965 3251 Ita
1012 3193 1433 3251 ecclesiasticos
1488 3214 1591 3269 per
1635 3194 1866 3251 illorum
1911 3194 2232 3252 doctrinam
2283 3214 2320 3251 a
2346 3194 2590 3253 seculari
2643 3201 2928 3271 potestate

520 3270 715 3343 eximi,
746 3289 951 3327 manus
1000 3280 1265 3329 cruentas
1292 3272 1467 3331 licere
1514 3272 1748 3347 impune
1799 3274 2176 3332 sacrosanctis
2203 3274 2438 3349 regibus
2485 3273 2706 3334 afferre.
2793 3273 2927 3333 Hoc

520 3368 621 3407 eos
648 3358 706 3407 et
732 3348 896 3406 libris
924 3349 1095 3407 editis
1122 3368 1394 3423 asserere,
1438 3356 1498 3409 et
1544 3370 1743 3409 eorum
1787 3352 1889 3428 qui
1931 3360 2133 3411 eontra
2173 3354 2427 3412 sentiunt
2453 3362 2666 3413 rectam
2698 3362 2926 3413 senten-

520 3427 659 3487 tiam
688 3426 1018 3503 damnare,''
1050 3426 1159 3487 Sto.
1193 3428 1455 3488 Sorbona
1480 3448 1597 3487 non
1627 3430 1804 3487 semel
1833 3431 2064 3508 impiam
2082 3431 2252 3492 istam
2273 3432 2590 3491 doctrinam
2608 3432 2926 3507 damnavit,

520 3506 803 3585 imprimis
857 3508 918 3567 in
972 3526 1215 3565 censura
1261 3508 1711 3585 propositionum
1749 3510 2054 3569 Santarelli
2077 3512 2228 3571 cirea
2254 3532 2458 3589 regum
2483 3532 2521 3571 a
2549 3512 2928 3571 Pontificibus

522 3586 941 3664 depositionem
984 3595 1044 3646 et
1070 3587 1197 3664 ejus
1224 3607 1443 3663 causas,
1474 3608 1626 3647 anno
1659 3592 1831 3665 1626,
1863 3593 1920 3649 4.
1951 3590 2138 3669 April.
2228 3594 2264 3625 “
2283 3592 2556 3651 Facultas
2583 3592 2932 3670 improbavit

522 3676 581 3727 et
608 3666 907 3727 damnavit
946 3665 1266 3726 doctrinam
1308 3667 1399 3725 his
1440 3668 1944 3745 propositionibus,
1987 3678 2046 3729 et
2086 3672 2292 3729 horum
2320 3672 2570 3748 capitum
2614 3672 2930 3733 corollariis

524 3754 868 3822 contentam,
900 3754 1173 3823 tanquam
1202 3766 1430 3822 novam,
1462 3748 1684 3824 falsam,
1705 3768 2018 3823 erroneam,
2048 3750 2230 3811 verbo
2254 3751 2364 3810 Dei
2393 3752 2754 3825 contrariam,
2776 3751 2926 3811 Pon-

521 3828 715 3888 tificiae
743 3827 1013 3904 dignitati
1058 3826 1253 3885 odium
1282 3827 1700 3902 conciliantem,
1727 3828 2022 3889 schismati
2047 3831 2406 3889 occasionem
2435 3830 2802 3907 praebentem,
2833 3850 2927 3889 su·

522 3928 735 4000 premae
788 3927 991 3984 regum
1018 3907 1349 3965 auctoritati
1374 3926 1410 3966 a
1439 3908 1567 3967 Deo
1594 3908 1720 3966 solo
1749 3907 2096 3985 dependenti
2139 3910 2532 3986 derogantem,
2583 3910 2926 3987 principium

522 3988 841 4047 mfidelium
868 3996 927 4047 et
953 3986 1349 4047 haereticorum
1388 3988 1820 4047 conversionem
1871 3988 2293 4067 impedientem,
2344 3989 2504 4066 pacis
2530 3989 2775 4062 publicae
2803 4008 2928 4066 per-

521 4067 923 4142 turbationem,
980 4086 1307 4143 regnorum,
1339 4074 1609 4141 statuum,
1668 4088 1970 4145 rerumque
2007 4068 2365 4145 publicarum
2387 4068 2764 4142 eversionem,
2795 4068 2928 4127 sub·

520 4146 676 4205 ditos
702 4148 777 4206 ab
804 4146 1134 4207 obedientia
1160 4154 1219 4205 et
1246 4146 1603 4225 subjectione
1632 4157 1987 4222 avocantem,
2019 4156 2078 4207 et
2113 4147 2190 4206 ad
2217 4149 2512 4223 factiones,
2563 4149 2925 4223 rebelliones,

522 4226 851 4301 seditioneS,
882 4236 940 4286 et
966 4226 1289 4303 principum
1314 4227 1623 4305 parricidia
1649 4226 2057 4287 excitantem.’'

608 4302 866 4364 XXIII.
910 4306 1043 4367 Hoc
1097 4325 1237 4365 vero
1264 4306 1533 4384 exempla
1558 4306 1732 4364 nimis
1775 4306 1958 4366 multa
2001 4306 2238 4383 regibus
2285 4306 2676 4367 funestissima
2719 4314 2930 4367 testata

522 4390 660 4439 sunt
688 4384 913 4458 saepius.
985 4384 1201 4445 Praeter
1226 4405 1297 4445 ea
1335 4406 1465 4463 quse
1506 4394 1676 4445 antea
1717 4393 1915 4444 notata
1955 4395 2107 4461 sunt,
2163 4387 2305 4463 quid
2345 4406 2462 4445 non
2489 4387 2606 4445 dici
2633 4396 2830 4464 posset
2856 4385 2930 4445 de

526 4458 691 4517 femli
732 4462 1015 4536 tragoedia
1056 4484 1091 4521 a
1134 4466 1421 4541 Gregorio
1462 4465 1633 4540 V11.‚
1683 4464 2084 4527 Hildebrando
2125 4466 2299 4539 dicto,
2344 4467 2404 4525 in
2437 4467 2758 4526 Henricum
2814 4464 2926 4523 IV.

526 4538 927 4615 imperatorem
974 4539 1257 4616 inchoata,
1288 4552 1347 4603 et
1394 4544 1469 4605 ab
1498 4545 1628 4621 ejus
1675 4547 2104 4606 successoribus
2149 4548 2520 4621 continuata;
2565 4546 2642 4607 de
2688 4546 2928 4606 Victore

530 4616 670 4691 111„
696 4616 935 4677 Urbano
967 4618 1069 4691 ΙΙ.,
1092 4629 1153 4677 et
1183 4620 1449 4681 Paschali
1474 4622 1613 4695 111„
1643 4643 1714 4683 eo
1741 4642 1922 4701 usque
1949 4634 2016 4684 ut
2041 4626 2304 4702 proprios
2324 4626 2474 4685 filios
2503 4627 2560 4685 in
2585 4634 2823 4704 patrem,
2855 4624 2930 4685 ab
