3234 5192
462 260 579 325 174
1214 276 1293 317 nn
1320 272 1692 316 nassum
1721 270 2076 317 sscsssmn
2454 256 2715 339 [mspur.
2747 274 2856 315 vn.

458 418 714 477 articulo
768 415 1148 492 praepositive
1204 416 1311 491 qui
1350 416 1678 491 opponitur
1719 416 1795 473 ab
1825 414 2138 491 Apostolo,
2170 416 2207 472 2
2235 414 2434 474 Thess.
2467 416 2527 474 ii.
2560 416 2614 473 3.
2645 424 2706 474 et
2733 417 2789 487 8,
2836 421 2859 475 ὅ

455 506 697 577 aregava-05
739 499 1011 577 ἄμητας,
1059 499 1080 554 0‘
1148 521 1342 570 ικμος,
1413 494 1560 569 quia
1619 512 1778 568 saepe
1836 494 2124 553 articulus
2187 494 2496 551 indefinito
2585 495 2855 567 subjecto

458 577 839 653 praeponitur,
896 594 1019 632 non
1075 576 1275 633 minus
1302 592 1371 631 ac
1416 572 1661 631 definito
1685 593 1700 639 ;
1743 572 1964 631 Matth.
2013 573 2116 630 xii.
2168 574 2263 644 35,
2308 577 2329 631 ὅ
2371 583 2558 645 maen
2586 582 2848 654 anagnu-05,

456 660 480 713 ὅ
508 682 701 734 romeos
756 664 1017 735 megan-5,
1058 654 1364 710 indefinite
1420 651 1495 707 de
1548 650 1820 724 quolibet
1868 653 2108 709 homine
2161 653 2322 710 bono
2375 660 2484 711 aut
2511 654 2690 724 male,
2729 672 2854 711 non

456 736 697 793 definite
726 737 799 791 de
828 734 1006 791 unico
1030 755 1044 802 ;
1076 732 1263 791 Marc.
1294 732 1353 787 ii.
1386 729 1480 800 27,
1508 733 1532 789 ὅ
1560 737 1824 821 carogum-5,
1869 731 2050 786 homo
2079 750 2200 789 non
2229 738 2322 789 est
2361 740 2606 807 propter
2643 733 2854 790 sabba-

450 816 645 871 thum.
704 813 802 871 Sic
828 831 984 887 saepe
1013 811 1173 869 alibi.
1219 810 1451 867 Rursus
1482 809 1530 865 si
1558 810 1848 866 articulus
1875 808 2101 883 aliquid
2131 811 2275 867 certi
2315 818 2376 869 et
2402 809 2630 867 definiti
2671 811 2853 885 signi-

450 894 603 962 ficat,
634 910 753 949 non
804 898 891 947 est
932 888 1133 947 statim
1180 889 1426 945 unicum
1468 886 1870 956 individuum,
1920 888 2024 943 sed
2071 888 2134 944 id
2182 889 2256 945 de
2305 907 2427 963 quo
2475 906 2749 963 expresse
2791 896 2854 947 et

451 971 844 1029 determinate
890 976 980 1025 est
1022 986 1232 1037 sermo,
1260 984 1335 1023 ne
1382 966 1613 1023 aberret
1659 965 1895 1022 animus
1945 972 2005 1022 et
2045 974 2301 1041 vagetur
2347 966 2558 1037 orati0,
2601 966 2724 1023 sive
2777 967 2854 1025 sit

454 1048 778 1124 singularis
804 1064 1073 1122 persona,
1102 1044 1225 1101 sive
1252 1062 1441 1119 genus
1470 1045 1774 1119 quoddam
1802 1050 1909 1099 aut
1937 1044 2172 1117 species,
2204 1047 2505 1118 quomodo
2556 1048 2577 1102 ὂ
2625 1070 2852 1122 nanze»

456 1146 579 1186 non
608 1126 855 1183 unicum
892 1125 1310 1199 imperatorem
1340 1124 1441 1180 sed
1482 1122 1801 1197 imperium
1831 1120 2174 1180 Romanum
2202 1122 2264 1179 in
2291 1141 2507 1197 genere
2529 1132 2718 1197 notat,
2741 1134 2802 1182 et
2827 1129 2850 1183 ὅ

454 1219 694 1277 sanam-5
738 1204 801 1260 in
824 1221 1027 1277 regno,
1083 1220 1207 1258 non
1260 1200 1662 1271 individuum,
1719 1200 1822 1257 sed
1877 1206 2048 1257 certae
2077 1200 2337 1275 alicujus
2364 1202 2626 1275 regionis
2653 1222 2852 1277 regem

455 1292 643 1345 notat.
726 1281 1001 1357 Denique
1050 1280 1335 1338 articulus
1382 1297 1537 1355 saepe
1590 1297 1712 1335 non
1754 1284 1877 1335 tam
1921 1278 2242 1352 apponitur
2287 1277 2621 1362 ὃιαιςιτικυς,
2668 1300 2852 1356 quam

456 1364 699 1428 δαιτικυς
728 1370 789 1420 et
815 1364 1076 1441 ιξαιςιτμς,
1106 1358 1185 1416 ad
1214 1357 1674 1432 significandum
1703 1356 1766 1412 id
1793 1358 1956 1431 quod
2005 1356 2067 1413 in
2110 1375 2478 1436 unoquoque
2521 1368 2611 1418 est
2663 1359 2852 1434 magis

455 1445 687 1519 insigne
714 1449 775 1499 et
802 1440 1081 1510 notabile,
1126 1436 1249 1495 sive
1296 1436 1357 1493 in
1402 1438 1563 1494 bono
1590 1435 1714 1493 sive
1742 1434 1805 1490 in
1854 1435 2034 1504 malo,
2091 1438 2256 1510 quod
2305 1440 2380 1496 de
2427 1456 2498 1496 eo
2551 1438 2668 1497 κατ’
2687 1443 2852 1513 *bxv

455 1524 693 1592 dicitur,
722 1523 830 1577 uti
854 1545 931 1578 ma
962 1519 1107 1595 αζω,
1134 1519 1155 1574 ο·
1184 1542 1397 1595 mmm,
1421 1514 1718 1573 Diabolus
1748 1520 2011 1584 vocatur,
2031 1514 2170 1573 licet
2198 1516 2469 1574 homines
2495 1519 2676 1575 etiam
2705 1518 2852 1575 mali

452 1610 513 1661 et
555 1605 878 1657 tentatores
964 1605 1156 1655 entur.
1240 1594 1377 1651 Hoc
1430 1610 1607 1651 sensu
1661 1599 1819 1649 recte
1861 1595 1883 1649 ὀ
1925 1618 2098 1669 anepos
2141 1602 2202 1651 et
2228 1597 2251 1652 ὅ
2299 1603 2545 1676 ωορκ-ος
2593 1598 2848 1676 ἁμαρτιας

452 1681 669 1738 dicitur
689 1676 1107 1734 Antichristus.

536 1754 735 1815 XLV.
782 1754 989 1813 Gratis
1018 1752 1195 1811 etiam
1222 1751 1486 1825 fingitur,
1522 1749 1960 1809 Antichristum
2001 1752 2112 1809 sub
2154 1754 2332 1811 finem
2361 1762 2596 1811 tantum
2638 1754 2850 1811 mundi

453 1833 860 1901 revelandum,
904 1850 1041 1888 cum
1080 1832 1211 1906 jam
1262 1827 1438 1887 Pauli
1466 1836 1731 1901 tempore
1759 1829 2002 1887 nefandi
2029 1830 2205 1889 istius
2233 1833 2500 1907 mysterii
2529 1834 2650 1890 tela
2689 1840 2852 1891 texe-

454 1922 636 1982 retur,
667 1918 727 1967 et
754 1917 1001 1967 eventus
1027 1912 1239 1967 doceat
1256 1908 1389 1982 jam
1418 1906 1667 1980 impleta
1687 1924 1810 1963 esse
1837 1927 1972 1981 quae
2001 1910 2076 1965 de
2105 1910 2234 1985 ipso
2262 1912 2545 1985 praedicta
2589 1910 2847 1970 fuerant.

456 1992 673 2067 Neque
716 1991 830 2046 hoc
878 1989 973 2045 vel
1017 2008 1091 2045 ex
1146 1986 1566 2062 praedicatione
1595 1986 1891 2059 evangelii
1931 2004 2040 2060 per
2081 1994 2276 2046 totum
2323 1990 2545 2059 orbem,
2576 1992 2649 2047 de
2696 2008 2851 2064 quae

453 2071 673 2129 Matth.
704 2068 885 2137 xxia,
914 2066 1120 2141 colligi
1146 2072 1358 2141 potest,
1387 2063 1529 2139 quia
1553 2081 1675 2119 non
1705 2064 1906 2136 agitur
1933 2066 2007 2121 de
2035 2067 2302 2123 adventu
2331 2067 2706 2137 Antichristi,
2749 2069 2852 2125 sed

454 2152 550 2207 vel
568 2151 643 2206 de
660 2149 779 2203 fine
798 2146 1000 2217 seculi,
1023 2148 1121 2202 vel
1142 2146 1216 2202 de
1246 2142 1477 2201 excidio
1501 2141 2075 2216 Hierosolymitano,
2107 2153 2245 2202 ante
2263 2148 2427 2220 quod
2446 2146 2656 2204 debuit
2675 2164 2856 2203 evan-

452 2227 678 2301 gelium
708 2224 1019 2299 praedicari
1066 2242 1172 2297 per
1218 2228 1415 2281 totum
1442 2220 1664 2289 orbem,
1712 2221 1876 2295 quod
1917 2240 2027 2278 suo
2071 2230 2336 2297 tempore
2370 2224 2502 2297 jam
2539 2224 2854 2299 contigisse

457 2304 688 2364 Paulus
729 2310 997 2370 testatur,
1043 2301 1169 2360 Col.
1212 2302 1250 2358 i.
1295 2300 1369 2368 63
1412 2298 1512 2354 vel
1558 2299 1634 2353 de
1670 2298 2038 2355 desolatione
2081 2301 2315 2375 imperii
2363 2300 2641 2374 Romani,
2671 2322 2855 2377 quam

959 2380 1089 2452 jam
1116 2386 1255 2435 ante
1283 2377 1477 2434 multa
1497 2376 1699 2433 secula
1719 2376 2034 2450 contigisse
2056 2396 2238 2452 supra
2262 2379 2582 2453 probatum
2603 2388 2693 2437 est
2712 2402 2728 2450 3
2759 2382 2858 2438 vel

968 2474 1043 2512 ex
1064 2474 1133 2513 eo
1162 2457 1320 2531 quod
1350 2453 1666 2511 nom‘ssimis
1695 2456 2040 2529 temporibus
2066 2456 2415 2513 excitandus
2450 2458 2686 2529 dicitur,
2717 2461 2862 2533 quia

456 2547 670 2598 notum
688 2544 776 2594 est
794 2534 1187 2593 diversimode
1206 2531 1525 2591 novissima
1534 2538 1803 2605 tempora
1825 2532 1888 2589 in
1906 2532 2213 2609 Scriptura
2223 2533 2518 2607 usurpari,
2531 2535 2859 2609 aliquando

456 2638 565 2695 pro
580 2619 707 2695 fine
729 2614 1015 2689 tempori-3,
1038 2630 1160 2687 quo
1182 2630 1361 2670 sensu
1389 2636 1579 2686 ισ-χαιτη
1616 2611 2011 2686 ἦμεριι,ιι11;ἰιῐι3
2029 2612 2174 2681 dies,
2195 2619 2363 2670 notat
2381 2613 2539 2669 diem
2571 2632 2860 2673 resurrec-

456 2698 637 2756 tionis
654 2702 714 2753 et
732 2695 911 2750 finem
930 2690 1405 2762 mundi,Joh.vi.
1420 2692 1515 2761 39,
1534 2699 1594 2747 et
1616 2690 1692 2746 xi.
1723 2691 1816 2761 24,
1841 2689 1870 2746 1
1894 2688 2020 2747 Pet.
2039 2690 2076 2747 i.
2102 2691 2156 2761 5,
2177 2690 2504 2765 aliquando
2527 2710 2635 2767 pro
2663 2700 2860 2751 tractu

456 2776 661 2852 aliquo
684 2782 743 2831 et
764 2772 1077 2829 duratione
1105 2770 1389 2846 temporis,
1419 2770 1723 2845 quomodo
1751 2775 1987 2844 tempus
2016 2768 2180 2825 Novi
2226 2769 2590 2827 Testamenti
2606 2789 2645 2828 a
2665 2772 2859 2845 primo

463 2854 683 2914 Christi
711 2853 973 2909 adventu
995 2868 1185 2925 usque
1202 2851 1280 2907 ad
1302 2850 1632 2907 secundum
1661 2847 1813 2904 solet
1833 2847 2130 2922 designari
2157 2866 2262 2923 per
2281 2858 2538 2924 tempora
2559 2849 2862 2907 novissima

974 2930 1264 2999 absolute,
1295 2927 1512 3002 passim
1536 2928 1599 2983 in
1628 2924 1810 2983 Novo
1840 2926 2239 2997 Testamento‚
2261 2926 2397 2984 Act.
2429 2928 2489 2986 ii.
2524 2929 2615 2997 17,
2635 2928 2790 2985 Heb.
2821 2928 2858 2984 i.

977 3007 1030 3077 1,
1046 3008 1075 3064 1
1100 3006 1226 3065 Pet.
1251 3008 1289 3065 i.
1326 3007 1419 3077 20,
1444 3006 1585 3081 quia
1609 3012 1700 3062 est
1729 3005 1948 3063 ultima
1973 3004 2088 3063 Dei
2113 3005 2490 3080 dispensatiO,
2519 3014 2655 3080 post
2681 3024 2863 3080 quam

462 3090 635 3147 nulla
660 3087 781 3146 alia
800 3087 1168 3161 expectanda
1195 3093 1301 3155 est,
1323 3086 1425 3143 sed
1453 3086 1583 3141 sola
1606 3084 1926 3143 aeternitas.
1991 3084 2106 3142 Sed
2127 3084 2270 3159 quia
2291 3084 2526 3141 duratio
2545 3084 2654 3141 illa
2669 3084 2861 3141 varias

462 3166 671 3225 debuit
710 3165 929 3220 habere
964 3164 1265 3236 periodos3
1314 3164 1449 3219 ideo
1486 3163 1702 3219 ultima
1747 3162 2030 3236 periodus
2067 3163 2402 3236 specialiter
2434 3172 2494 3219 ct
2521 3172 2860 3238 comparate

466 3250 715 3299 vocatur
742 3240 1109 3296 novissimum
1148 3252 1387 3315 tempus,
1429 3240 1491 3297 id
1533 3248 1639 3308 est,
1669 3246 2007 3314 temporum
2055 3240 2406 3297 ultimorum
2455 3241 2860 3310 novissimum,

468 3340 589 3395 quo
628 3335 807 3375 sensu
851 3316 1094 3385 Paulus,
1128 3319 1158 3375 1
1191 3317 1343 3374 Tim.
1372 3318 1510 3386 iv.1,
1540 3317 1684 3373 dicit
1711 3317 2073 3390 apostasiam
2098 3318 2226 3374 fore
2253 3320 2565 3378 novissimis
2595 3321 2861 3393 tempori·

469 3400 586 3471 bus,
618 3423 663 3456 u
691 3402 897 3475 ὑστιςοις
924 3421 1126 3474 uagus,
1156 3402 1215 3452 et
1232 3395 1271 3452 2
1299 3394 1425 3452 Pet.
1454 3395 1537 3451 iii.
1568 3396 1624 3463 3,
1655 3394 1732 3451 στ’
1759 3418 1980 3466 tegas-nv
2006 3421 2098 3453 rm
2127 3399 2319 3477 nipe-tem,
2349 3398 2626 3456 extremis
2653 3396 2865 3455 diebus

468 3485 751 3534 venturos
788 3474 1067 3531 irrisores
1151 3474 1265 3531 Sed
1294 3471 1409 3530 ista
1429 3472 1751 3530 novissima
1777 3482 2045 3549 tempora
2067 3494 2187 3532 non
2217 3478 2414 3535 statim
2443 3476 2784 3533 immediate
2805 3484 2866 3533 et

470 3555 674 3631 paucis
701 3561 935 3611 tantum
982 3552 1153 3610 annis
1202 3552 1483 3608 ultimum
1501 3550 1802 3623 judicium
1843 3560 1984 3610 sunt
2016 3572 2389 3627 praecessura,
2419 3556 2521 3613 sed
2550 3554 2867 3628 designant

469 3632 853 3693 memorabile
893 3631 1141 3705 aliquod
1180 3627 1461 3704 temporis
1506 3630 1908 3702 intervallum,
1958 3632 2120 3705 quod
2166 3634 2346 3691 finem
2393 3634 2604 3690 mundi
2651 3652 2867 3708 praece-

470 3714 609 3771 dere
653 3710 877 3769 debuit.
945 3710 1125 3769 Unde
1152 3708 1291 3765 licet
1313 3706 1719 3766 Antichristus
1747 3709 2008 3767 oriturus
2028 3709 2323 3768 diceretur
2359 3718 2593 3768 tantum
2621 3711 2867 3767 novissi-

468 3791 579 3849 mis
599 3791 827 3861 diebus‚
851 3808 971 3847 non
994 3787 1193 3846 statim
1214 3786 1353 3843 inde
1376 3785 1577 3861 colligi
1598 3794 1807 3859 potest,
1825 3789 1988 3862 quod
2010 3789 2214 3862 paucis
2238 3790 2480 3845 demum
2501 3788 2671 3846 annis
2687 3790 2867 3845 finem

470 3870 683 3927 mundi
703 3886 1095 3945 praecessurus
1124 3865 1215 3937 sit,
1239 3872 1309 3922 ut
1336 3864 1559 3921 vellent
1609 3863 1924 3937 Pontificii‚
1955 3868 2058 3924 sed
2079 3873 2316 3924 tantum
2339 3869 2502 3941 quod
2531 3868 2591 3922 in
2621 3868 2866 3941 periodo

470 3947 753 4023 temporis
781 3945 995 4004 ultima
1020 3944 1097 4003 sit
1116 3941 1606 4001 manifestandus.

552 4025 791 4084 XLVI.
838 4025 975 4083 Hoc
1003 4041 1141 4081 vero
1168 4022 1385 4081 certius
1410 4022 1876 4095 confirmabitur,
1907 4042 2042 4082 cum
2071 4042 2418 4099 responsum
2445 4023 2627 4081 fuerit
2668 4024 2745 4081 ad
2763 4024 2868 4080 ob-

464 4103 787 4180 jectionem
841 4102 1317 4163 adversariorum
1363 4100 1437 4156 de
1478 4100 1788 4161 duratione
1815 4102 2180 4173 Antichristi,
2231 4120 2412 4177 quam
2459 4104 2650 4160 tribus
2693 4103 2866 4159 annis

469 4200 605 4240 cum
633 4183 885 4240 dimidio
914 4178 1405 4240 circumscribunt
1425 4196 1499 4235 ex
1524 4179 1715 4254 Apoc.
1745 4182 1848 4238 xii.
1874 4182 1930 4251 6,
1949 4180 2055 4238 ubi
2083 4181 2297 4237 mulier
2334 4181 2552 4238 dicitur
2579 4198 2867 4237 mansura

470 4260 533 4316 in
560 4262 793 4318 deserto
822 4280 927 4336 per
966 4259 1133 4319 mille
1160 4259 1449 4315 ducentos
1476 4276 1549 4314 ex
1594 4259 1904 4333 sexaginta
1930 4260 2072 4330 dies,
2091 4266 2152 4317 et
2177 4278 2224 4317 c.
2255 4259 2379 4315 xiii.
2425 4258 2480 4331 5,
2511 4258 2615 4316 ubi
2663 4258 2866 4317 bestiae

470 4337 687 4395 dicitur
713 4340 857 4397 data
905 4346 1165 4415 potestas
1194 4336 1420 4394 bellum
1466 4335 1722 4395 faciendi
1765 4339 1981 4396 sanctis
2009 4357 2112 4412 per
2137 4338 2218 4394 42
2257 4355 2504 4397 menses.
2589 4337 2706 4395 Sed
2736 4355 2868 4411 per-

470 4432 673 4488 peram
700 4416 815 4472 ista
854 4423 1256 4493 exponuntur,
1284 4414 1455 4490 quasi
1500 4414 1779 4475 historice
1805 4418 1882 4475 de
1909 4416 2120 4475 diebus
2165 4416 2544 4473 naturalibus
2591 4423 2868 4489 ageretur

468 4493 795 4549 secundum
816 4493 1069 4565 literam,
1098 4512 1235 4549 cum
1262 4500 1485 4549 certum
1517 4492 1593 4548 sit
1623 4493 1736 4552 ista
1763 4495 2158 4569 intelligenda
2183 4510 2308 4551 esse
2335 4494 2584 4567 mystice
2605 4512 2680 4551 ex
2707 4494 2866 4567 stylo

464 4570 893 4646 prophetarum
922 4574 997 4631 de
1027 4572 1213 4631 diebus
1246 4571 1604 4647 propheticis,
1661 4574 1766 4647 qui
1793 4573 2043 4631 totidem
2069 4578 2212 4631 sunt
2238 4571 2396 4643 anni,
2421 4590 2542 4646 quo
2591 4590 2766 4629 sensu
2789 4571 2868 4634 70

534 2435 561 2480 1
584 2434 709 2479 Tim.
730 2435 791 2476 iv.
815 2431 857 2475 1.

542 2984 568 3030 1
588 2985 699 3030 Joh.
720 2986 754 3028 i.
774 2981 846 3027 18.
