3234 5192
296 426 535 469 num.
563 405 729 487 vnn]
1042 422 1272 465 zoaras
1300 422 1379 463 an
1406 422 1692 464 sccnssu
1719 424 1986 465 noma.
2611 412 2722 469 191

301 566 524 629 nendos
543 569 573 625 ?
658 564 811 625 Sane
838 563 999 642 quod
1024 562 1325 623 seditionis
1371 571 1431 622 et
1476 562 1734 621 criminis
1761 562 1916 623 lassae
1957 563 2276 641 majestatis
2304 565 2534 625 nomine
2561 574 2726 627 nota·

304 657 477 720 retur,
511 646 557 705 si
606 644 773 703 fieret
800 652 1000 702 contra
1028 644 1221 721 regios
1264 642 1575 717 ministros,
1608 644 1950 704 auctoritate
1993 642 2104 703 sibi
2147 664 2420 705 concessa
2461 646 2722 723 legitime

304 736 533 787 utentes
556 748 571 801 3
616 726 666 783 si
693 724 766 783 de
796 724 1119 801 proditione
1145 722 1483 798 constiterit,
1514 741 1632 780 non
1681 724 1913 797 crimen,
1939 724 2042 782 sed
2069 725 2220 783 actio
2247 726 2484 784 heroica
2501 726 2724 785 censeri

308 806 497 878 debet,
528 814 587 864 et
636 802 983 863 obedientiae
1022 803 1351 881 exemplum
1394 822 1463 861 eo
1491 802 1761 877 nobilius,
1793 822 1910 879 quo
1951 804 2189 863 minoris
2231 814 2322 864 est
2365 794 2724 865 auctoritatis

310 886 427 961 ille,
452 886 554 963 qui
582 884 641 943 id
668 884 881 960 exequi
911 882 1115 943 voluit.
1202 883 1295 942 Ita
1322 882 1373 939 si
1400 882 1615 941 milites
1655 882 1882 941 hostem
1909 884 1970 941 in
1994 902 2056 941 se
2084 884 2302 945 irruere
2328 886 2548 957 vident,
2579 884 2726 945 duce

311 985 417 1026 suo
472 973 747 1025 stertente
794 964 893 1023 vel
934 963 1247 1041 languente
1296 961 1371 1019 ad
1438 962 1696 1039 imperia,
1754 963 1852 1022 vel
1919 963 2093 1022 etiam
2149 964 2350 1023 urbem
2405 964 2723 1042 prodente;

310 1064 503 1105 annon
556 1044 758 1103 licebit
800 1044 941 1120 ipsis
998 1042 1193 1101 claves
1246 1040 1525 1119 proditori
1578 1042 1817 1120 eripere,
1875 1052 1936 1103 et
1981 1043 2056 1101 ad
2107 1044 2276 1121 signa
2329 1045 2506 1103 etiam
2565 1046 2727 1105 nullo

310 1133 556 1185 vocante
585 1123 938 1183 convenire?
1002 1124 1147 1182 Cum
1176 1142 1269 1181 res
1296 1122 1423 1198 ipsa
1448 1130 1638 1197 vocat,
1665 1122 1806 1199 quid
1831 1142 2024 1197 voces,
2058 1123 2107 1181 si
2135 1124 2361 1197 desunt,
2391 1144 2684 1183 moramur
2701 1128 2735 1185 P

315 1204 445 1264 Imo
474 1205 525 1263 si
552 1203 895 1263 obedientias
924 1202 1115 1281 specie
1144 1202 1317 1261 silent
1344 1212 1404 1260 et
1444 1202 1765 1279 quiescunt,
1797 1202 2160 1262 immemores
2195 1205 2527 1280 juramenti,
2559 1204 2732 1281 perfl-

318 1283 436 1343 ὀίω
464 1292 522 1343 et
548 1282 889 1360 proditionis
908 1282 1349 1356 insimulantur3
1394 1280 1519 1339 sola
1547 1282 1828 1339 scelerum
1857 1282 2210 1341 conscientia
2237 1283 2502 1359 inquinat
2525 1306 2538 1360 ;
2571 1284 2730 1342 illam

316 1382 457 1421 vero
484 1381 653 1420 nemo
681 1370 905 1439 purgat,
936 1362 1049 1421 nisi
1076 1361 1229 1419 malo
1250 1380 1355 1438 pro
1376 1360 1531 1418 virili
1560 1359 1870 1419 obnitatur.
1955 1362 2120 1420 Licet
2141 1363 2199 1419 in
2229 1362 2462 1441 specula
2483 1382 2598 1421 non
2627 1364 2731 1439 sis,

315 1442 512 1501 necin
541 1440 816 1516 excubiis,
847 1442 897 1500 si
938 1450 1132 1500 tamen
1174 1440 1505 1501 incendium
1548 1440 1734 1514 vides,
1779 1450 1838 1499 et
1873 1440 2084 1517 vigiles
2133 1440 2380 1499 dormire
2422 1442 2518 1501 vel
2561 1442 2730 1502 silere

319 1519 750 1594 animadvertis,
782 1522 831 1580 si
858 1541 975 1580 non
1002 1522 1313 1597 exclamas,
1344 1539 1477 1579 reus
1520 1539 1620 1593 es;
1682 1520 1926 1597 quisque
1955 1521 2106 1579 enim
2141 1521 2408 1581 incendio
2438 1523 2728 1599 grassanti

316 1600 549 1661 obviam
577 1602 659 1660 ire
680 1620 783 1679 pro
811 1602 968 1660 virili
1010 1610 1259 1661 tenetur.
1344 1600 1481 1659 Huc
1524 1599 1725 1658 referri
1762 1608 1955 1677 potest
2000 1600 2066 1660 P.
2101 1602 2388 1678 Scipionis
2417 1602 2726 1661 consilium

320 1681 620 1741 laudatum
664 1702 701 1740 a
728 1682 983 1756 Valerio,
1013 1682 1115 1740 lib.
1146 1700 1204 1740 v.
1234 1700 1359 1757 cap.
1391 1683 1447 1755 7,
1478 1680 1595 1756 qui,
1627 1699 1760 1738 cum
1804 1699 1880 1738 ex
1925 1681 2125 1739 aerario
2173 1681 2476 1758 pecuniam
2509 1680 2585 1739 ad
2627 1701 2728 1743 ne·

319 1762 600 1821 cessarios
640 1780 781 1821 usus
828 1761 1073 1839 reipubl.
1131 1760 1317 1838 promi
1362 1768 1670 1837 oporteret,
1702 1759 1878 1837 idque
1917 1770 2250 1836 quaestores,
2283 1762 2420 1837 quia
2459 1761 2558 1820 lex
2595 1782 2728 1839 pro·

316 1840 571 1916 hibebat,
604 1860 777 1919 agere
826 1850 1175 1916 recusarent,
1216 1841 1479 1918 privatus
1508 1839 1708 1899 claves
1751 1840 2030 1917 poposcit,
2083 1850 2142 1899 et
2187 1841 2380 1918 legem
2407 1841 2644 1901 utilitati
2672 1850 2734 1903 et

316 1922 651 1981 necessitati
692 1919 898 1980 cedere
949 1920 1159 1997 coegit.
1248 1919 1540 1977 Pontificii
1584 1919 1698 1995 ipsi
1745 1919 1806 1977 in
1833 1938 1972 1977 casu
1999 1920 2360 1979 necessitatis
2385 1928 2732 1997 potestatem

315 2000 651 2079 baptizandi
677 1999 1004 2060 concedunt
1030 2001 1183 2059 lai‘co
1202 2007 1261 2057 et
1280 1998 1525 2072 mulieri,
1551 2008 1609 2057 et
1633 2018 1668 2057 a
1687 2000 1916 2075 privato
1941 1998 2068 2058 fieri
2093 2019 2264 2077 posse
2293 2000 2730 2077 confessionem,

317 2080 368 2139 si
396 2079 549 2141 desit
578 2080 868 2139 sacerdos·
960 2079 1004 2139 J
1008 2080 1103 2137 oh.
1148 2079 1313 2137 Hier.
1346 2078 1617 2137 Albanus
1646 2078 1718 2137 de
1766 2087 2052 2155 potestate
2084 2078 2258 2157 Papae
2299 2088 2358 2139 et
2387 2080 2648 2155 Concilii,
2680 2079 2734 2141 si

319 2158 485 2237 Papa
510 2160 572 2217 in
620 2159 889 2218 haeresim
937 2158 1173 2233 incidat,
1196 2168 1256 2218 ct
1286 2158 1519 2217 Praelati
1564 2156 1816 2216 officium
1858 2158 2044 2217 facere
2093 2160 2413 2236 negligant,
2445 2160 2628 2219 lai‘cos
2657 2159 2730 2219 de

318 2238 605 2297 Ecclesiae
634 2237 1039 2297 reformatione
1068 2238 1371 2297 consilium
1410 2238 1556 2296 inire
1583 2256 1756 2315 posse
1783 2238 2010 2297 fatetur.
2098 2238 2562 2315 Distinguendus
2591 2258 2736 2317 ergo

315 2316 413 2376 hic
456 2317 621 2377 venit
670 2319 885 2394 duplex
930 2319 1199 2377 Ecclesiae
1238 2328 1456 2393 status3
1500 2317 1600 2375 vel
1647 2316 1795 2377 bene
1837 2319 2136 2377 ordinatus
2163 2328 2221 2377 et
2249 2320 2586 2394 constitutus,
2629 2320 2730 2379 vel

317 2400 581 2472 confisus
624 2404 681 2456 et
711 2399 1098 2473 perturbatus.
1186 2398 1399 2457 Fateor
1438 2398 1497 2455 in
1539 2396 1718 2475 priori
1759 2416 1876 2455 non
1917 2398 2090 2457 licere
2131 2399 2359 2473 privato
2387 2398 2540 2457 laico
2569 2418 2733 2459 sacra

314 2485 580 2551 tractare,
612 2478 1013 2554 neminemque
1058 2478 1181 2536 sine
1224 2474 1442 2555 'praevia
1469 2478 1774 2537 vocatione
1803 2478 2066 2555 legitima
2106 2477 2386 2537 Ecclesiae
2415 2480 2644 2538 clavum
2674 2488 2734 2541 et

316 2558 573 2633 regimen
620 2556 893 2616 invadere
936 2557 1165 2616 debere.
1272 2558 1389 2617 Sed
1434 2557 1549 2615 alia
1596 2566 1688 2616 est
1731 2558 1879 2617 ratio
1927 2558 2277 2635 posterioris,
2318 2578 2451 2617 nam
2496 2560 2556 2617 in
2605 2580 2731 2637 per-

319 2637 549 2696 turbato
606 2637 885 2696 Ecclesia».
945 2645 1117 2712 statu,
1178 2646 1270 2696 sat
1314 2636 1467 2714 juris
1522 2645 1611 2696 est
1653 2638 1861 2715 cuique
1910 2658 1985 2696 ex
2014 2639 2318 2697 vocatione
2366 2640 2624 2715 generali
2673 2648 2734 2700 et

320 2716 617 2776 charitatis
643 2716 773 2793 lege
822 2717 899 2775 ad
926 2717 1275 2793 rejiciendos
1303 2736 1539 2790 errores,
1572 2724 1632 2775 et
1657 2719 1962 2777 veritatem
1991 2718 2445 2794 amplectendam
2475 2728 2533 2776 et
2560 2719 2731 2794 profi-

318 2796 571 2856 tendam.
657 2797 737 2855 Et
764 2796 833 2871 si,
883 2805 949 2857 ut
975 2797 1123 2855 bene
1167 2795 1568 2874 jurisconsulti
1616 2797 1944 2870 observant,
1975 2800 2135 2855 nulla
2163 2800 2338 2855 datur
2363 2798 2624 2872 obligatio
2651 2802 2740 2857 ad

320 2876 529 2950 sslicitat,
550 2876 681 2953 quis
708 2876 924 2935 dixerit
946 2875 1152 2935 fideles
1198 2875 1275 2934 ad
1302 2876 1666 2934 mendacium
1693 2877 2174 2953 propugnandum
2205 2876 2494 2952 obligatos
2517 2876 2734 2937 fuisse?

323 2954 467 3029 Quis
493 2974 610 3013 non
638 2966 839 3014 contra
868 2956 1130 3029 fateatur,
1162 2955 1672 3033 indispensabilem
1704 2954 1820 3013 illis
1847 2955 2249 3013 necessitatem
2292 2955 2468 3013 fuisse
2497 2954 2730 3033 imposi-

324 3042 445 3093 tam
473 3034 834 3093 mendacium
882 3035 1200 3112 rejiciendi,
1246 3044 1305 3094 et
1332 3036 1638 3093 veritatem
1665 3034 1894 3111 publice
1925 3034 2320 3093 defendendi?
2402 3034 2550 3093 Haec
2589 3054 2734 3095 vero

320 3112 433 3172 fuit
477 3120 795 3191 temporum
841 3114 1071 3173 illorum
1116 3115 1283 3173 ratio.
1380 3115 1474 3173 Ita
1522 3114 1716 3179 omnia
1757 3114 1930 3172 etiam
1975 3114 2326 3191 perturbata,
2365 3121 2433 3172 ut
2479 3120 2732 3175 rectores

325 3190 619 3267 Ecclesiae,
650 3213 893 3271 quorum
922 3203 1047 3253 erat
1095 3194 1384 3253 erroribus
1426 3192 1824 3271 grassantibus
1874 3212 2000 3251 sese
2042 3212 2346 3270 opponere,
2379 3202 2438 3253 et
2462 3194 2632 3273 lupos
2659 3195 2738 3255 ab

322 3271 466 3331 ovili
495 3272 731 3331 Domini
758 3292 968 3348 arcere,
999 3292 1117 3331 non
1144 3272 1317 3332 modo
1343 3294 1461 3331 non
1502 3271 1773 3345 facerent,
1800 3272 1902 3331 sed
1931 3280 1990 3331 et
2029 3272 2142 3351 ipsi
2182 3274 2242 3332 in
2271 3275 2440 3351 lupos
2468 3275 2733 3335 conversi

324 3370 559 3428 gregem
593 3352 963 3411 Dominicum
991 3360 1303 3429 vastarent,
1336 3360 1395 3411 et
1438 3352 1654 3411 Christi
1681 3353 1926 3429 legitimi
1975 3372 2042 3412 ac
2091 3354 2247 3412 unici
2289 3355 2445 3432 regis
2486 3356 2732 3415 auctori-

325 3439 503 3489 tatem
522 3431 741 3491 nefarie
760 3442 1119 3509 usurparent,
1145 3442 1205 3491 et
1222 3433 1273 3491 si
1300 3433 1401 3509 qui
1428 3432 1501 3491 de
1520 3432 1708 3490 officio
1726 3450 1956 3491 monere
1986 3452 2085 3493 eos
2107 3434 2341 3507 vellent,
2362 3454 2478 3493 non
2507 3444 2732 3495 tantum

322 3528 443 3568 non
468 3511 751 3585 audirent,
784 3512 887 3570 sed
913 3512 1065 3571 ferro
1112 3510 1473 3588 flammisque
1514 3520 2008 3589 persequerentur.
2095 3513 2250 3587 Quid
2277 3514 2370 3572 hic
2409 3515 2736 3574 faciendum

322 3588 435 3647 fuit
460 3590 779 3667 majoribus
805 3592 1033 3664 nostris,
1065 3592 1165 3669 qui
1194 3592 1601 3668 gravissimum
1631 3592 1742 3649 hoc
1768 3591 1982 3649 malum
2013 3600 2372 3669 perspectum
2403 3593 2742 3653 habebant?

326 3667 427 3726 An
454 3670 803 3729 manendum
830 3670 949 3729 illis
976 3670 1085 3729 fuit
1112 3672 1221 3729 sub
1241 3673 1389 3749 jugo
1408 3671 1509 3730 illo
1530 3668 1882 3729 Antichristi
1911 3670 2217 3744 dirissimo,
2247 3672 2348 3728 ubi
2377 3672 2735 3747 pereundum

322 3747 441 3806 illis
470 3746 675 3807 fuisset
700 3750 1025 3808 necessario
1042 3753 1071 3809 t>
1130 3750 1345 3809 Annon
1372 3750 1553 3826 licuit,
1574 3758 1882 3827 postquam
1912 3770 2139 3809 omnem
2171 3768 2330 3827 spem
2358 3750 2736 3811 reformanda

328 3826 607 3887 Ecclesiae
655 3827 926 3887 viderunt
972 3828 1332 3906 decollatam,
1364 3839 1586 3889 mature
1618 3849 1679 3888 se
1721 3829 1796 3887 ab
1838 3830 2018 3889 exitio
2044 3828 2492 3906 praesentissimo
2523 3830 2736 3889 subdu-

328 3924 475 3981 cere,
507 3916 565 3967 et
594 3906 767 3966 saluti
806 3928 927 3966 suae
956 3928 1059 3985 per
1087 3909 1303 3985 justam
1336 3909 1718 3968 secessionem
1747 3909 2072 3986 prospicere
2093 3912 2123 3967 Ρ
2205 3909 2280 3966 Ni
2307 3909 2420 3969 hoc
2446 3909 2739 3987 fecissent,

330 4004 553 4044 summo
582 4006 644 4045 se
674 3987 1121 4047 obstrinxissent
1142 3988 1374 4063 scelere,
1406 3989 1546 4046 etin
1577 3989 1764 4047 Deum
1796 3990 2008 4067 ingrati
2031 3999 2090 4049 et
2115 3988 2329 4067 injurii,
2361 3988 2739 4048 certissimam

332 4063 395 4123 in
412 4084 473 4125 se
500 4066 811 4141 perniciem
840 4066 1292 4127 arcessivissent.

410 4144 601 4207 XIX.
648 4146 783 4204 Uno
809 4147 1007 4221 verb0,
1040 4146 1089 4205 si
1116 4147 1511 4224 unusquisque
1560 4147 1636 4205 ad
1673 4148 2053 4224 profitendam
2081 4149 2382 4207 veritatem
2411 4148 2741 4209 necessario

330 4221 637 4299 obligatur,
688 4244 797 4283 nec
834 4227 935 4301 jus
976 4225 1157 4285 ullum
1205 4226 1383 4285 habet
1418 4226 1495 4284 ad
1522 4225 1886 4285 mendacium
1913 4227 2276 4286 retinendum
2305 4235 2364 4284 et
2391 4225 2734 4307 docendum,

331 4303 597 4380 quisquis
640 4304 1005 4363 mendacium
1054 4305 1241 4381 docet,
1270 4306 1491 4364 nullam
1518 4307 1594 4364 ad
1620 4306 1682 4363 id
1711 4306 2042 4365 missionem
2070 4306 2386 4383 legitimam
2415 4314 2608 4382 potest
2635 4308 2735 4367 ha·

328 4382 483 4443 bere.
569 4384 799 4459 Contra,
818 4385 920 4461 qui
942 4386 1242 4445 veritatem
1270 4384 1563 4461 praedicat,
1593 4404 1712 4442 non
1737 4385 1913 4444 modo
1947 4387 2048 4462 jus
2089 4393 2148 4443 et
2175 4384 2534 4445 vocationem
2564 4386 2740 4450 habet

332 4480 459 4521 eam
487 4463 861 4541 proponendi,
894 4464 998 4524 sed
1025 4474 1084 4524 et
1110 4484 1187 4525 ex
1214 4464 1400 4523 officio
1427 4463 1866 4541 indispensabili
1895 4472 2137 4523 tenetur.
2211 4464 2304 4523 Ita
2329 4464 2586 4543 quandiu
2613 4488 2737 4529 rec-

332 4549 483 4603 tores
512 4543 791 4603 Ecclesiae
820 4544 1029 4605 docent
1055 4544 1357 4602 veritatem
1402 4562 1575 4620 quam
1606 4541 1870 4602 Christus
1917 4543 2172 4619 tradidit,
2209 4546 2310 4623 jus
2352 4545 2568 4608 habent
2593 4548 2741 4609 illud

328 4622 658 4758 praestandi,
690 4643 797 4686 nec
826 4631 1017 4701 potest
1043 4625 1103 4681 in
1132 4622 1368 4681 dubium
1400 4623 1596 4681 vocari
1625 4640 1822 4683 eorum
1851 4624 2099 4683 vocatio.
2155 4624 2272 4685 Sed
2299 4625 2348 4683 si
2375 4627 2737 4689 mendacium

369 4710 553 4777 ocent,
586 4702 941 4778 impossibile
970 4712 1059 4763 est
1084 4722 1184 4763 eos
1210 4702 1285 4761 ad
1313 4702 1377 4761 id
1395 4703 1592 4762 vocari
1633 4724 1668 4763 a
1697 4702 1942 4763 Christe.
2031 4704 2114 4765 Ut
2141 4724 2280 4783 ergo
2309 4716 2672 4783 agnoscatur,
2704 4726 2738 4767 a
