3234 5192
592 408 703 464 182
1364 420 1441 459 nr.
1471 418 1836 459 sscnssaau
1868 416 2213 458 sscsssrous
2575 393 2832 476 [msru'r.
2865 416 2998 455 vm.

1198 560 1318 620 111.
1366 560 1481 620 Sed
1512 580 1628 618 non
1656 559 1887 618 difficile
1917 567 2005 617 est
2031 557 2216 616 nodos
2263 556 2404 616 istos
2449 557 2692 615 solvere.
2777 555 2992 632 Primo,

1118 640 1323 700 damus
1370 641 1619 699 libenter
1669 638 2032 711 adversariis,
2083 638 2157 695 ab
2202 636 2466 695 Ecclesia
2518 656 2658 695 vera
2703 655 2999 713 nunquam

1119 741 1247 780 esse
1286 719 1690 790 secedendum,
1735 728 1794 776 et
1821 717 2026 776 merito
2075 717 2136 775 in
2177 716 2505 775 schismatis
2547 716 2764 774 crimen
2807 715 2996 774 incur-

593 820 736 875 rere,
768 799 1092 877 quiveram
1132 800 1457 859 Ecclesiam
1506 818 1850 876 quocunque
1892 797 2122 855 demum
2151 805 2436 874 praetextu
2479 796 2768 854 deserunt.
2853 795 2998 853 Cum

594 880 749 939 enim
790 879 963 938 unica
991 880 1067 937 sit
1097 880 1375 954 Ecclesia,
1407 889 1573 937 extra
1622 897 1794 953 quam
1845 876 2006 935 nulla
2033 885 2123 935 est
2167 876 2341 949 salus,
2393 884 2458 934 ιιι
2484 875 2646 933 nulla
2699 874 2808 933 fuit
2835 883 3000 933 extra

597 960 833 1029 Arcam,
864 978 993 1035 quae
1042 958 1201 1017 illius
1248 957 1358 1017 fuit
1406 958 1754 1035 symbolum,
1798 977 1904 1015 nee
1934 956 2118 1034 possit
2173 955 2362 1013 Deum
2416 954 2628 1013 habere
2687 954 2915 1013 Patrem
2937 954 2996 1011 in

597 1038 776 1113 coelis,
808 1038 908 1115 qui
938 1038 1185 1097 Matrem
1226 1036 1549 1097 Ecclesiam
1590 1037 1652 1095 in
1700 1036 1868 1096 terris
1911 1056 2030 1095 non
2069 1034 2298 1107 habeat,
2329 1046 2498 1093 nemo
2539 1042 2731 1111 potest
2757 1032 2830 1091 ab
2872 1035 2997 1111 ejus

596 1116 996 1177 communione
1024 1116 1309 1193 recedere,
1338 1117 1480 1195 quin
1511 1138 1581 1176 eo
1610 1118 1736 1194 ipso
1777 1136 1812 1173 a
1841 1114 2241 1175 communione
2274 1114 2384 1173 Dei
2411 1122 2470 1173 et
2512 1113 2726 1173 Christi
2755 1132 2879 1172 sese
2909 1132 2995 1171 se-

595 1206 775 1275 paret,
805 1204 978 1274 atque
1006 1197 1157 1256 adeo
1180 1198 1254 1255 ab
1303 1197 1459 1255 omni
1497 1197 1700 1256 salutis
1749 1196 2185 1274 participatione
2233 1194 2506 1252 exclusus
2548 1201 2795 1252 maneat.
2882 1191 2996 1251 Sed

596 1296 876 1355 negamus
902 1286 1204 1353 propterea
1231 1277 1305 1335 ab
1341 1276 1600 1335 Ecclesia
1631 1278 1894 1335 Romana
1919 1294 2036 1333 non
2064 1274 2240 1333 fuisse
2271 1272 2670 1347 secedendum,
2701 1272 2838 1349 quia
2865 1292 2995 1349 sup·

594 1357 829 1435 ponitur
856 1360 1042 1437 ηὸτι,
1068 1357 1180 1416 hoc
1204 1354 1403 1431 ψιυδος,
1434 1356 1589 1434 quod
1629 1357 1690 1415 in
1732 1362 1854 1415 tota
1879 1356 1990 1414 hac
2034 1353 2438 1432 Disputatione
2468 1352 2711 1411 subinde
2739 1352 2993 1425 recurrit,

598 1436 921 1497 Ecclesiam
953 1436 1273 1495 Romanam
1323 1458 1497 1496 unam
1540 1456 1668 1494 esse
1711 1454 1906 1494 veram
1950 1434 2108 1493 illam
2160 1433 2499 1507 Ecclesiam,
2531 1453 2660 1509 quae
2701 1451 2995 1508 nunquam

596 1516 770 1575 debet
810 1515 1016 1574 deseri.
1102 1517 1248 1574 Cum
1289 1536 1429 1575 vero
1477 1515 1587 1573 hoc
1631 1514 2004 1573 falsissimum
2051 1534 2178 1573 esse
2220 1514 2280 1571 in
2321 1511 2779 1590 praecedentibus
2820 1512 2994 1569 variis

596 1594 915 1653 rationibus
944 1595 1019 1653 sit
1046 1592 1518 1667 demonstratum,
1564 1614 1642 1653 ex
1683 1613 1752 1651 eo
1797 1594 1970 1653 etiam
2019 1593 2202 1670 liquet
2229 1612 2335 1651 nec
2366 1593 2656 1670 injustam,
2685 1612 2793 1649 nee
2819 1599 2994 1649 teme-

596 1674 805 1731 rariam
860 1674 1037 1732 fuisse
1079 1683 1181 1733 aut
1236 1674 1660 1732 schismaticam
1687 1682 1946 1731 nostram
1990 1673 2064 1731 ab
2106 1692 2174 1732 ea
2229 1672 2666 1749 separationem.
2745 1672 2996 1729 Schisma

598 1753 753 1812 enim
782 1774 892 1811 non
904 1753 1059 1829 facit
1082 1754 1385 1829 separatiO,
1432 1755 1533 1811 sed
1576 1773 1769 1826 causa,
1799 1761 1866 1811 ut
1898 1752 2046 1810 bene
2093 1762 2289 1810 monet
2318 1750 2655 1826 Cassander,
2700 1750 2739 1808 l.
2771 1750 2842 1809 de
2887 1751 2994 1822 offi⁸

595 1833 710 1893 viri
722 1834 829 1909 pii.
900 1834 975 1891 Et
1003 1841 1067 1891 ut
1094 1852 1233 1891 vera
1272 1832 1535 1891 Ecclesia
1572 1832 1760 1891 deseri
1786 1851 1902 1889 non
1931 1840 2122 1908 potest
2150 1830 2273 1889 sine
2303 1830 2627 1903 schismate,
2658 1830 2740 1889 ita
2766 1830 2824 1887 in
2853 1830 2998 1887 falsa

598 1922 659 1971 et
684 1912 1002 1989 apostatica
1029 1932 1199 1970 nemo
1228 1920 1417 1989 potest
1444 1931 1674 1969 manere
1705 1912 1828 1969 sine
1863 1912 2118 1972 crimine.
2213 1910 2297 1970 Ut
2337 1930 2454 1968 non
2497 1911 2720 1986 quaevis
2749 1908 2996 1969 secessio

597 1993 659 2050 in
688 1990 985 2071 religionis
1011 1992 1247 2069 negotio
1281 2000 1371 2051 est
1410 1992 1623 2050 vitiosa
1664 1999 1724 2050 et
1765 1990 2066 2068 culpanda,
2111 2000 2171 2049 et
2207 1989 2471 2067 quaedam
2500 2010 2617 2048 nou
2644 1988 2816 2048 modo
2837 1989 2998 2049 licita

598 2082 704 2148 est,
768 2070 870 2131 sed
919 2080 978 2131 et
1034 2072 1358 2131 necessaria
1418 2081 1479 2131 et
1535 2070 2023 2148 indispensabilis,
2071 2070 2154 2129 ita
2206 2089 2324 2127 non
2377 2069 2602 2146 quaevis
2672 2068 2998 2127 communio

600 2151 877 2211 Ecclesiae
905 2161 997 2211 est
1022 2150 1336 2228 probanda,
1370 2151 1473 2211 sed
1513 2171 1583 2209 ea
1620 2150 1870 2225 demum,
1917 2170 2046 2227 quae
2091 2158 2284 2226 potest
2323 2149 2636 2207 consistere
2663 2169 2794 2207 cum
2843 2168 2996 2207 com·-

598 2232 869 2291 munione
901 2230 1113 2291 Christi
1144 2240 1202 2289 et
1244 2230 1617 2290 fundamento
1665 2231 1885 2289 salutis.
1974 2229 2037 2289 Si
2065 2250 2206 2307 ergo
2234 2228 2402 2287 nobis
2431 2228 2508 2286 sit
2535 2248 2890 2305 persuasum,
2933 2236 3000 2288 ut

598 2321 687 2371 est
712 2311 1230 2389 persuasissimum,
1262 2311 1435 2369 talem
1470 2330 1603 2373 ,esse
1635 2309 2095 2368 communionem
2145 2307 2422 2367 Ecclesiae
2467 2308 2744 2367 Romanae
2769 2307 2998 2367 hodier-

597 2411 705 2465 nae,
765 2410 936 2449 nemo
964 2410 1079 2448 non
1123 2390 1299 2465 videt,
1331 2390 1657 2449 necessario
1687 2390 1855 2448 nobis
1903 2390 1978 2447 ab
2007 2409 2076 2447 ea
2097 2386 2482 2447 secedendum
2511 2389 2704 2463 fuisse,
2735 2396 2799 2447 ut
2827 2388 3002 2447 saluti

598 2478 810 2529 nostrae
838 2468 1052 2528 iremus
1086 2480 1469 2547 prospectum.

679 2548 791 2608 IV.
834 2548 1057 2608 Verum
1083 2557 1149 2608 ut
1190 2548 1417 2608 facilius
1445 2548 1842 2607 cavillationes
1891 2548 2370 2617 adversariorum,
2413 2568 2557 2624 quas
2585 2548 2694 2606 hoc
2732 2548 2794 2605 in
2819 2568 2998 2625 nego·

596 2628 680 2689 tio
729 2636 959 2689 nectere
1008 2628 1213 2704 solent,
1275 2628 1670 2702 discutiamuS,
1716 2628 2140 2687 observandum
2185 2629 2504 2687 Ecclesiam
2535 2647 2703 2704 posse
2733 2628 2998 2705 spectari,

596 2710 695 2769 vel
721 2718 987 2788 respectu
1002 2710 1167 2787 fidei,
1198 2716 1258 2769 et
1298 2710 1490 2787 quoad
1530 2718 1736 2767 statum
1778 2710 2055 2767 internum
2095 2716 2156 2769 et
2196 2708 2534 2783 invisibilem,
2567 2706 2879 2785 (quatenus
2905 2716 3000 2767 est

595 2810 805 2869 corpus
843 2788 1057 2850 Christi
1101 2790 1427 2867 mysticum,
1479 2797 1539 2848 et
1582 2798 1769 2849 coetus
1811 2807 2082 2848 verorum
2125 2787 2379 2847 fidelium
2412 2796 2470 2846 et
2513 2788 2843 2860 electorum,
2875 2788 3000 2846 sine

594 2870 715 2929 ulla
742 2869 1173 2949 hypocritarum
1203 2877 1263 2928 et
1288 2868 1659 2948 profanorum
1707 2868 2006 2947 mixtura,)
2037 2868 2135 2927 vel
2176 2868 2366 2945 quoad
2393 2876 2598 2926 statum
2631 2875 2920 2925 externum
2941 2876 3004 2926 et

592 2948 873 3025 visibilem,
894 2958 954 3009 et
970 2959 1233 3028 respectu
1247 2950 1634 3026 professionis,
1655 2958 1940 3026 quatenus
1958 2957 2048 3007 est
2067 2957 2251 3008 coetus
2268 2958 2622 3021 vocatorum,
2635 2946 2738 3024 qui
2757 2946 3000 3005 eandem

592 3030 767 3089 fidem
796 3038 856 3089 et
882 3030 1221 3107 religionem
1264 3030 1624 3107 profitentur.
1711 3028 1897 3088 Priori
1918 3037 2184 3105 respectu
2213 3036 2432 3087 certum
2460 3035 2566 3101 est,
2616 3026 2998 3087 secessionem

595 3128 825 3167 omnem
846 3108 919 3166 ab
950 3108 1212 3167 Ecclesia
1240 3110 1359 3183 illa,
1378 3128 1509 3186 quae
1537 3118 1628 3168 est
1655 3128 1864 3185 corpus
1891 3108 2202 3185 mysticum
2227 3106 2458 3181 Christi,
2487 3126 2615 3165 esse
2643 3106 2916 3183 injustam
2941 3114 3003 3165 et

596 3186 875 3259 illicitam,
906 3186 1043 3262 quia
1069 3188 1393 3246 necessario
1434 3197 1568 3265 post
1608 3207 1672 3247 se
1711 3188 1966 3247 traheret
2007 3188 2390 3247 secessionem
2431 3206 2658 3245 omnem
2687 3206 2722 3245 a
2751 3185 3001 3259 Christo,

596 3272 655 3323 et
684 3264 889 3323 salutis
914 3264 1319 3341 privationem.
1404 3268 1520 3325 Sed
1546 3266 1852 3345 posteriori
1879 3266 2085 3326 damus
2131 3287 2248 3325 non
2275 3287 2404 3327 esse
2431 3262 2886 3342 abrumpendum
2913 3273 3000 3323 te-

596 3363 753 3403 mere
780 3342 1079 3401 vinculum
1106 3344 1525 3404 communionis
1554 3354 1811 3405 externae
1839 3366 1970 3404 cum
1993 3354 2148 3405 coetu
2175 3348 2368 3424 aliquo
2397 3346 2616 3405 visibili
2643 3354 2998 3419 vocatorum,

597 3421 734 3482 dum
763 3421 1199 3482 fundamentum
1230 3423 1451 3498 salutis,
1490 3425 1615 3483 sive
1644 3425 1836 3501 quoad
1881 3424 2072 3501 fidem,
2105 3426 2230 3485 sive
2273 3426 2467 3503 quoad
2504 3425 2740 3499 cultum,
2770 3424 3000 3483 retinet.

596 3502 684 3562 At
712 3502 763 3561 si
798 3502 1113 3579 contingat,
1143 3510 1210 3561 ut
1236 3510 1421 3563 coetus
1442 3504 1543 3563 ille
1570 3504 1765 3581 quoad
1801 3505 2077 3583 majorem
2129 3506 2220 3565 sui
2247 3516 2484 3583 partem,
2535 3505 2737 3564 relicta
2782 3503 3003 3581 puriori

595 3580 729 3658 fide,
776 3602 998 3641 errores
1052 3582 1329 3660 capitales
1375 3582 1587 3659 foveat,
1649 3592 1708 3643 et
1754 3583 2134 3645 idololatriam
2187 3586 2248 3645 in
2290 3587 2453 3645 cultu
2505 3584 2845 3662 praecipiat3
2891 3602 3001 3641 nec

596 3662 769 3722 modo
798 3662 1110 3722 monitores
1139 3671 1395 3739 spernat,
1428 3664 1532 3723 sed
1560 3664 1711 3723 ferro
1739 3672 1798 3723 et
1825 3664 2072 3724 flammis
2113 3686 2214 3724 eos
2254 3674 2647 3743 persequatur,
2683 3672 2743 3722 et
2769 3662 2847 3721 ad
2871 3682 3000 3721 eos-

596 3743 727 3802 dem
765 3762 987 3803 errores
1032 3742 1387 3821 profitendos
1434 3752 1495 3803 et
1542 3744 1762 3803 cultum
1812 3744 2238 3805 idololatricum
2285 3744 2674 3822 praestandum
2723 3762 2826 3819 per
2879 3742 3002 3799 vim

596 3824 833 3903 adigat;
878 3823 1165 3900 separatio
1194 3842 1311 3880 non
1340 3822 1513 3882 modo
1534 3824 1696 3883 licita
1737 3832 1842 3899 est,
1875 3826 1976 3903 sed
1997 3826 2174 3901 justa,
2208 3824 2530 3883 necessaria
2557 3832 2616 3883 et
2642 3822 3002 3900 indispensa-

594 3902 747 3979 bilis,
772 3903 909 3981 quia
936 3922 1054 3962 non
1074 3922 1375 3982 possemus
1402 3904 1465 3961 in
1486 3904 1887 3963 communione
1916 3906 2050 3963 t‘alis
2099 3904 2358 3963 ecclesiae
2387 3904 2719 3981 apostaticae
2749 3921 3004 3977 manere,

592 3984 707 4042 nisi
747 3984 1024 4042 nuncium
1067 3982 1412 4042 remittendo
1457 3984 1704 4060 Christo,
1736 3992 1796 4043 et
1843 3984 1972 4062 ejus
2021 3984 2269 4059 veritati,
2321 4004 2437 4060 quo
2485 3984 2708 4043 nullum
2764 3981 3006 4059 gravius

594 4063 813 4122 crimen
840 4062 965 4123 dari
992 4070 1200 4141 potest.
1287 4062 1464 4122 Hunc
1492 4072 1686 4123 autem
1713 4063 1893 4123 fuisse
1941 4072 2154 4123 statum
2185 4062 2464 4122 Ecclesiae
2500 4064 2794 4137 Romanae,
2825 4080 2858 4119 e
2887 4080 3010 4136 qua

594 4144 841 4222 majores
859 4142 1039 4203 nostri
1051 4142 1334 4218 exierunt,
1347 4142 1627 4203 hactenus
1648 4143 1912 4221 pluribus
1927 4144 2282 4220 argumentis
2295 4142 2778 4202 confirmavimus.
2811 4140 3010 4216 Unde,

595 4222 647 4281 si
673 4223 747 4282 ab
774 4243 844 4282 ea
870 4223 1023 4283 facta
1048 4223 1159 4282 fuit
1186 4223 1454 4300 secessio,
1475 4240 1592 4281 non
1620 4232 1740 4282 tam
1767 4222 1877 4281 fuit
1914 4224 2161 4281 secessio
2189 4223 2264 4281 ab
2293 4222 2573 4298 Ecclesia,
2611 4240 2786 4299 quam
2817 4238 3013 4279 seces-

596 4302 774 4361 sionis
790 4304 1085 4379 terminus,
1110 4310 1170 4363 et
1190 4303 1265 4362 ad
1287 4323 1479 4362 veram
1504 4303 1825 4362 Ecclesiam
1846 4302 2247 4377 Christianam,
2272 4304 2388 4361 imo
2405 4304 2702 4379 antiquam
2712 4300 2870 4359 illam
2883 4298 3012 4357 Ro-

594 4398 839 4455 manam,
852 4384 1017 4460 cujus
1036 4382 1183 4441 fides
1205 4391 1326 4442 toto
1348 4384 1486 4442 orbe
1515 4382 1929 4457 celebrabatur,
1955 4402 1990 4441 a
2016 4402 2132 4459 qua
2150 4382 2428 4442 hodierna
2456 4382 2682 4457 defecit,
2701 4378 3018 4457 regressio·

676 4457 754 4516 V.
798 4458 920 4518 Nee
961 4461 1097 4520 huic
1124 4463 1441 4521 verissimae
1482 4463 1784 4523 sententiae
1813 4460 2166 4521 intercedere
2195 4470 2438 4539 possunt
2465 4481 2594 4538 quae
2623 4479 2727 4538 pro
2765 4458 3020 4519 veritate

598 4534 875 4597 Ecclesiae
923 4538 1198 4599 Romanae
1252 4541 1569 4601 afferuntur
1623 4542 1892 4601 rationeS.
1977 4540 2111 4601 Nou
2151 4542 2353 4621 prima,
2401 4540 2558 4619 quod
2594 4540 2834 4599 retineat
2857 4558 3016 4597 verae

594 4617 879 4693 reliyiomh
909 4620 1310 4693 fundamenta.
1357 4621 1505 4679 Nam
1556 4624 1610 4680 1.
1655 4622 1786 4679 Non
1827 4621 2018 4680 statim
2077 4622 2176 4699 qui
2225 4622 2473 4681 retinent
2519 4629 2814 4696 utcunque
2851 4637 3016 4678 verae

593 4695 890 4773 religionis
912 4696 1302 4771 fundamenta,
1328 4718 1465 4757 vera
1489 4708 1623 4757 sunt
1647 4700 1926 4758 Ecclesia.
1989 4700 2034 4759 J
2035 4701 2304 4759 eroboam
2325 4721 2438 4759 non
2469 4700 2678 4759 evertit
2699 4698 2892 4757 omnia
2915 4718 3014 4757 re-

643 620 686 670 1.
715 623 939 682 Objeotio
964 624 1025 669 de

700 682 987 728 schismate.
