3234 5192
602 323 721 383 564
1163 339 1243 380 na
1273 339 1767 382 suisne-rioms
1794 339 2039 381 cnarsrr
2067 339 2387 380 vauri-ars.
2546 323 2809 396 [msru-r.
2836 331 3021 376 xvm.

611 478 740 538 fuse
769 477 978 556 Apost.
1010 479 1180 540 docet
1205 479 1268 538 in
1297 481 1482 558 Epist.
1512 481 1588 540 ad
1617 482 1773 541 Heb.
1819 481 1940 540 Nec
1962 480 2077 540 alia
2096 480 2169 540 de
2188 499 2363 540 causa
2389 479 2501 560 ipsi
2526 479 2699 539 toties
2726 485 2785 537 et
2812 478 3019 537 Sacer-

615 559 758 618 dotis
786 567 845 618 et
872 561 1026 636 Aqm’
1047 580 1259 619 nomen
1287 560 1558 620 tribuitur
1585 581 1759 638 quam
1788 561 1863 620 ad
1888 569 2190 638 utramque
2216 561 2367 620 hanc
2392 560 2649 620 muneris
2676 558 2765 617 sui
2792 565 3019 636 partem

615 639 1030 718 designandam
1060 660 1190 717 quse
1218 641 1543 700 necessaria
1569 641 1679 700 fuit
1720 641 1796 699 ad
1838 640 2247 718 redemptionis
2288 649 2346 700 et
2372 639 2854 700 reconciliationis
2878 657 3019 696 nos-

615 727 720 778 trae
748 739 893 796 opus
921 719 1330 797 perficiendum
1355 742 1369 796 ς
1413 739 1546 778 cum
1573 722 1727 780 enim
1764 721 1839 779 ad
1867 721 2203 798 placandam
2232 721 2486 780 numinis
2512 720 2657 778 iram
2684 727 2743 777 et
2768 717 3018 794 gratiam

617 799 746 876 ejus
774 800 1195 858 conciliandam
1239 807 1297 858 et
1327 820 1514 876 poenoe
1556 808 1751 859 essent
1790 799 2039 859 ferendae
2080 820 2210 877 quae
2244 820 2279 858 a
2303 800 2675 859 sanctionibus
2702 797 2879 875 Legis
2906 797 3015 854 im-

615 879 996 955 ponebantur,
1025 887 1086 938 et
1111 879 1354 938 actiones
1381 879 1736 956 exequendae
1783 899 1930 957 quas
1976 881 2152 956 Legis
2192 881 2467 938 mandata
2500 879 2577 938 ad
2603 879 2785 936 vitam
2812 896 3013 935 conse·

616 957 904 1034 quendam
934 959 1319 1034 postulabant,
1353 959 1438 1018 Ut
1464 979 1540 1018 ex
1571 961 1833 1036 utrisque
1874 959 2044 1018 simul
2072 959 2377 1034 satisfactio
2403 959 2695 1018 meritoria
2722 956 3019 1034 sponsoris

615 1037 797 1097 nostri
828 1047 1151 1113 exurgeret,
1183 1057 1312 1114 quae
1340 1046 1399 1097 et
1424 1038 1823 1098 liberationem
1845 1059 1880 1097 a
1900 1046 2083 1098 morte
2112 1039 2494 1117 impendente,
2526 1046 2583 1097 et
2604 1038 2705 1116 jus
2732 1037 2807 1096 ad
2834 1035 3015 1094 vitam

614 1115 972 1194 deperditam
1000 1117 1347 1194 impetraret,
1378 1117 1580 1177 debuit
1626 1127 1869 1196 utraque
1906 1120 1965 1176 in
1996 1119 2223 1178 Christo
2262 1138 2599 1178 concurrere
2626 1125 2687 1176 et
2714 1115 3019 1176 sacerdotii

613 1205 673 1255 et
709 1195 961 1255 victimae
1007 1197 1194 1256 ratio:
1238 1198 1506 1257 sacerdes
1548 1218 1677 1257 esse
1724 1199 1926 1258 debuit
1971 1198 2073 1275 qui
2119 1197 2365 1274 offerret,
2393 1198 2633 1256 vict-ima
2672 1217 2801 1274 quse
2849 1195 3015 1255 offer-

613 1283 808 1350 retur,
853 1275 1121 1336 sacerdos
1165 1277 1266 1354 qui
1309 1286 1523 1354 ageret,
1569 1278 1807 1337 victima
1854 1299 1983 1356 quae
2010 1285 2338 1355 pateretui-3
2390 1277 2657 1338 sacerdos
2692 1277 2755 1334 in
2790 1275 3013 1354 spiritu,

615 1355 853 1413 victima
907 1356 970 1413 in
1014 1377 1182 1415 carne
1207 1379 1222 1433 3
1279 1356 1436 1434 quod
1489 1366 1797 1435 utrumque
1851 1358 1913 1416 in
1966 1357 2093 1435 ipso
2156 1377 2360 1416 revera
2405 1358 2705 1435 impletum
2746 1355 3015 1414 videmus

613 1453 744 1493 cum
772 1455 878 1512 per
909 1435 1184 1512 Spiritum
1234 1444 1511 1496 aeternum
1560 1459 1623 1497 se
1667 1437 1895 1512 obtulit,
1936 1438 2091 1496 Heb.
2140 1449 2200 1495 x.
2250 1440 2307 1513 5,
2337 1437 2420 1496 ix.
2453 1440 2548 1513 14,
2579 1434 2863 1513 siquidem
2895 1455 3013 1493 non

614 1533 760 1590 opus
807 1514 1012 1574 habuit
1059 1517 1338 1592 sanguine
1387 1517 1575 1575 alieno
1610 1527 1901 1576 taurorum
1950 1525 2010 1576 et
2053 1516 2343 1576 hircorum
2370 1524 2437 1576 ut
2486 1515 2813 1575 sacerdotes
2842 1514 3015 1573 Levi·

611 1593 730 1666 tici,
764 1593 866 1650 sed
911 1594 1034 1670 ipse
1078 1603 1138 1652 et
1181 1595 1448 1654 sacerdos
1492 1605 1551 1655 et
1591 1597 1831 1655 victima
1872 1617 1976 1674 per
2016 1597 2311 1674 proprium
2356 1595 2697 1673 sanguinem
2744 1601 3017 1652 aeternam

610 1669 1063 1748 redemptionem
1091 1673 1334 1751 adeptus
1361 1673 1581 1734 aditum
1601 1675 1713 1734 sibi
1740 1675 1877 1736 fecit
1903 1676 1964 1733 in
1994 1677 2222 1752 coelum,
2251 1675 2429 1754 ibid.;
2460 1684 2521 1735 et
2546 1675 2686 1733 alibi
2714 1673 2925 1732 dicitur
2950 1693 3015 1732 se

611 1749 918 1808 tradidisse
947 1755 1223 1830 προσ-φορὰν
1249 1758 1338 1811 καὶ
1363 1756 1545 1811 svo-tm
1573 1758 1705 1830 9⁸5,
1758 1755 1908 1848 Eph.
1930 1775 1989 1814 v.
2020 1759 2076 1832 2,
2110 1757 2147 1788 “
2168 1763 2228 1814 et
2274 1755 2555 1832 sanguine
2584 1773 2689 1814 suo
2716 1772 2824 1812 nos
2850 1753 3015 1812 rede-

611 1828 845 1904 misse,’'
883 1833 910 1887 l
946 1831 1070 1890 Pet.
1101 1832 1140 1891 i.
1176 1835 1267 1907 19,
1299 1833 1456 1910 quod
1482 1834 1683 1911 utique
1711 1832 1827 1892 dici
1858 1853 1976 1893 non
2002 1843 2199 1912 posset
2225 1835 2338 1893 nisi
2367 1834 2631 1912 geminus
2659 1833 2757 1892 ille
2784 1851 3015 1910 respec-

609 1915 706 1966 tus
735 1917 794 1967 et
821 1909 1137 1970 sacerdotis
1165 1920 1224 1970 et
1249 1912 1502 1972 victimae
1529 1913 1590 1970 in
1622 1914 1850 1972 Christo
1878 1914 2156 1973 moriente
2182 1915 2374 1972 locum
2400 1914 2717 1973 habuisset.

693 1987 804 2048 IV.
850 1989 1118 2050 Alterum
1167 1999 1358 2051 autem
1407 1992 1480 2052 de
1528 2013 1645 2070 quo
1693 1993 2047 2072 disceptatur
2087 1994 2449 2071 potissimum
2492 2013 2611 2051 non
2642 2011 2759 2051 nna
2784 1991 3013 2050 ratione

609 2069 969 2146 comprobari
997 2079 1205 2148 potest.
1292 2071 1504 2149 Primo,
1533 2075 1837 2132 sacerdotii
1860 2081 2065 2132 natura
2106 2075 2218 2132 hoc
2244 2074 2515 2151 postulat,
2548 2073 2697 2131 Nam
2726 2072 2777 2130 si
2818 2089 3011 2130 sacer-

607 2147 715 2208 dos
743 2149 868 2225 fuit,
898 2170 1015 2209 non
1043 2161 1266 2212 tantum
1294 2153 1499 2212 docere
1547 2153 1750 2212 debuit
1790 2163 1848 2213 et
1890 2153 2145 2212 revelare
2189 2154 2546 2212 voluntatem
2576 2151 2767 2210 Patris
2793 2150 3007 2210 doctri-

604 2247 854 2306 namque
883 2231 934 2307 ej
944 2251 1009 2289 us
1037 2232 1392 2308 confirmare,
1423 2231 1528 2292 sed
1555 2240 1613 2291 et
1661 2232 1899 2310 aliquod
1932 2233 2060 2291 Deo
2102 2231 2304 2291 offerre
2334 2231 2676 2291 sacrificium
2704 2229 2780 2289 ad
2806 2230 3013 2307 expia-

603 2307 820 2366 tionem
849 2311 1071 2384 peccati
1095 2334 1109 2370 ε
1152 2320 1286 2371 sunt
1307 2313 1460 2370 enim
1488 2311 1616 2370 alise
1647 2312 1979 2388 sacerdotis,
2009 2312 2135 2370 aliae
2180 2313 2473 2390 prophetae
2516 2321 2726 2389 partes,
2756 2310 3007 2387 prophe-

603 2385 707 2443 tici
733 2388 988 2445 muneris
1014 2389 1161 2447 ratio
1188 2391 1416 2466 proprie
1465 2391 1731 2449 consistit
1778 2391 1840 2449 in
1886 2391 1958 2450 iis
1987 2411 2116 2469 quae
2142 2411 2247 2468 pro
2277 2392 2404 2451 Deo
2432 2391 2657 2469 agenda
2686 2396 2822 2448 sunt
2848 2389 3009 2466 apud

603 2464 884 2539 homines,
915 2474 1004 2525 est
1030 2468 1183 2525 enim
1209 2469 1491 2546 interpres
1518 2470 1837 2529 voluntatis
1868 2470 2115 2545 Divinae,
2146 2471 2240 2530 cui
2266 2471 2328 2531 id
2356 2491 2507 2530 curae
2535 2479 2624 2529 est
2648 2478 2716 2529 ut
2740 2469 3013 2526 homines

602 2541 934 2620 intelligant
961 2546 1103 2622 quid
1132 2547 1208 2606 sit
1234 2547 1376 2624 ipsis
1411 2548 1488 2606 ad
1531 2549 1777 2608 salutem
1822 2557 1880 2609 et
1921 2549 2269 2610 credendum
2298 2560 2357 2610 et
2383 2549 2707 2610 faciendum
2736 2567 3005 2607 necessa·

601 2621 752 2682 rium
777 2645 792 2682 ε
839 2623 1043 2702 Itaque
1073 2647 1204 2685 cum
1235 2627 1532 2706 Scriptura
1559 2629 1633 2687 de
1658 2629 1995 2706 prophetico
2024 2630 2241 2689 Christi
2266 2651 2501 2690 munere
2528 2629 2801 2707 loquitur,
2829 2627 3007 2687 docet

601 2701 764 2762 Deus
793 2723 854 2763 se
883 2704 942 2762 in
971 2705 1153 2783 ipsius
1181 2727 1280 2766 ore
1307 2707 1487 2766 verba
1528 2727 1633 2767 sua
1659 2711 1980 2786 positurum
2008 2718 2068 2769 et
2087 2709 2258 2785 jubet
2286 2709 2472 2769 audiri
2499 2716 2842 2783 reverenter,
2875 2727 3003 2785 Ρω-

599 2802 820 2861 nasque
849 2786 1229 2864 reposcendas
1257 2788 1508 2847 minatur
1534 2789 1608 2846 ab
1638 2808 1706 2847 eo
1748 2789 1847 2866 qui
1882 2788 1993 2865 ipsi
2020 2809 2137 2847 non
2164 2789 2593 2864 auscultaverit,
2627 2789 2802 2848 Deut.
2829 2787 3005 2846 xviii.

603 2864 696 2938 18,
725 2868 751 2922 l
763 2867 818 2924 9.
843 2863 928 2925 At
945 2867 1260 2926 sacerdotis
1277 2887 1487 2928 munus
1507 2869 1737 2946 proprie
1758 2878 1817 2928 et
1833 2867 2303 2928 contradistincte
2321 2869 2397 2928 ad
2416 2869 2823 2947 Propheticum
2844 2867 2905 2924 in
2926 2867 3005 2924 iis

598 2955 912 3022 occupatur
927 2967 1056 3024 quae
1073 2947 1300 3025 agenda
1311 2956 1446 3009 sunt
1465 2948 1622 3026 apud
1634 2949 1840 3023 Deum,
1854 2949 2153 3007 nadair-mne
2171 2949 2361 3026 inquit
2373 2948 2583 3027 Apost.
2608 2947 2761 3007 Heb.
2782 2966 2841 3004 v.
2868 2949 2917 3020 1,
2936 2959 3005 3005 et

598 3023 720 3082 viii.
751 3029 806 3099 3,
837 3029 905 3084 τὰ
933 3032 1050 3104 πρὶς
1075 3033 1150 3086 rb·
1176 3031 1299 3104 θιὶε,
1324 3036 1390 3087 ut
1410 3027 1535 3089 scil.
1562 3029 1597 3061 “
1619 3027 1821 3088 offerat
1842 3027 1994 3086 dona
2014 3037 2074 3086 et
2094 3028 2373 3087 sacrificia
2391 3049 2495 3106 pro
2511 3027 2803 3106 peccatis’'
2820 3034 3005 3102 atque

595 3102 740 3161 adeo
770 3105 991 3181 aliquid
1017 3117 1283 3183 operetur
1303 3128 1418 3185 quo
1442 3109 1603 3166 Deus
1619 3107 1840 3167 homini
1861 3107 2143 3186 propitius
2162 3107 2264 3168 fiat
2282 3115 2339 3167 et
2356 3109 2773 3167 reconcilietur.
2803 3105 3003 3180 Quum

593 3181 790 3257 itaque
820 3183 1083 3244 Christus
1113 3188 1187 3245 sit
1215 3187 1342 3245 veri
1367 3187 1614 3246 nominis
1633 3187 1917 3264 sacerdos,
1948 3207 2066 3246 non
2093 3188 2155 3247 id
2171 3195 2395 3246 tantum
2414 3187 2591 3247 habet
2608 3187 2765 3264 quod
2791 3185 3009 3245 doceat

593 3259 874 3334 homines,
905 3263 1002 3320 vel
1029 3265 1184 3340 quod
1214 3265 1530 3325 intercedat
1573 3285 1679 3342 pro
1720 3267 1889 3326 nobis
1917 3265 2071 3345 apud
2116 3267 2324 3340 Deum,
2356 3267 2459 3326 sed
2505 3267 2663 3344 quod
2690 3266 2863 3324 etiam
2890 3285 3002 3323 ve-

593 3357 718 3394 rum
751 3347 810 3397 et
850 3341 1004 3399 reale
1047 3343 1389 3402 sacrificium
1432 3343 1707 3404 obtulerit
1746 3365 1850 3423 pro
1887 3345 2139 3423 peccatis
2178 3347 2409 3421 nostris,
2439 3347 2594 3406 unde
2624 3345 3005 3422 consequitur

591 3415 752 3475 aliud
779 3419 1011 3478 omnino
1039 3421 1354 3480 intendisse
1383 3423 1676 3482 Christum
1718 3425 1781 3482 in
1808 3433 1991 3484 morte
2030 3445 2134 3485 sua
2160 3445 2333 3504 quam
2380 3427 2658 3486 doctrinae
2694 3423 3009 3484 conflrma-

589 3496 822 3573 tionem,
856 3499 1012 3575 quod
1039 3500 1220 3561 vellet
1249 3501 1511 3578 Socinus,
1539 3522 1675 3560 nam
1704 3503 1787 3563 sic
1814 3513 2075 3566 mortuus
2123 3505 2325 3565 fuisset
2352 3513 2573 3565 tantum
2603 3513 2670 3564 ut
2693 3504 3005 3582 propheta,

587 3595 706 3636 non
728 3586 794 3637 ut
821 3579 1089 3639 sacerdos
1111 3589 1169 3640 et
1195 3581 1450 3640 victima.
1515 3583 1765 3644 Accedit
1791 3585 1964 3643 etiam
1992 3593 2052 3644 et
2093 3585 2240 3644 illud
2267 3586 2423 3662 quod
2452 3585 2715 3644 Christus
2741 3603 2859 3642 non
2884 3604 3005 3661 pro

585 3656 660 3715 iis
688 3665 911 3717 tantum
932 3659 1264 3721 hominibus
1291 3661 1571 3722 Sacerdos
1593 3663 1767 3723 fuerit
1786 3664 1887 3742 qui
1902 3672 2035 3742 post
2073 3665 2261 3742 ipsum
2278 3665 2568 3742 vixerunt,
2594 3665 2697 3724 sed
2714 3672 2771 3723 et
2792 3682 2895 3740 pro
2918 3664 3003 3723 iis

585 3738 685 3814 qui
716 3737 991 3799 vixerunt
1019 3741 1126 3800 sub
1147 3741 1281 3802 Vet.
1313 3743 1489 3818 Test„
1521 3763 1701 3820 quum
1728 3764 1878 3803 unus
1907 3744 2161 3803 omnium
2185 3745 2261 3804 sit
2290 3745 2595 3820 Mediator,
2623 3748 2648 3803 1
2676 3743 2826 3801 Tim.
2850 3743 2908 3800 ii.
2933 3747 2999 3820 5,

585 3818 686 3894 qui
727 3817 851 3876 heri
878 3827 938 3878 et
964 3820 1135 3881 hodie
1164 3822 1318 3880 idem
1341 3832 1445 3900 est,
1480 3823 1634 3882 Heb.
1665 3823 1788 3882 xiii.
1812 3826 1868 3898 8,
1902 3825 2099 3884 Unum
2125 3843 2338 3883 nomen
2363 3824 2421 3882 in
2441 3844 2557 3901 quo
2580 3824 2823 3883 salutem
2850 3841 3001 3880 con-

583 3898 746 3974 sequi
776 3918 1097 3976 possumus,
1131 3899 1267 3961 Act.
1311 3903 1389 3960 iv.
1425 3906 1516 3977 12,
1543 3903 1725 3962 Cu'us
1752 3904 1940 3980 gratia
1968 3913 2271 3963 servantur
2314 3904 2529 3981 pariter
2556 3903 2643 3962 illi
2668 3902 3001 3979 nobiscum,

581 3975 719 4036 Act.
751 3997 852 4037 κν.
885 3981 979 4039 11.
1023 3980 1124 4039 An
1153 4002 1291 4041 vero
1317 3981 1578 4042 Christus
1607 3925 1723 4041 diei
1743 3992 1936 4062 potest
1960 4003 2209 4043 servasse
2228 4003 2329 4044 eos
2351 3985 2474 4043 solo
2496 3986 2749 4058 exemplo
2776 3981 2999 4058 quibus

580 4057 706 4116 scil.
735 4056 851 4116 tale
880 4060 1208 4138 exemplum
1238 4062 1595 4139 propositum
1624 4082 1919 4140 nunquam
1946 4063 2057 4123 fuit
2080 4067 2111 4122 Ρ
2151 4063 2335 4122 Nemo
2358 4083 2496 4123 sane
2519 4062 2749 4122 dixerit.
2775 4061 2992 4120 Serva-

575 4137 656 4194 vit
680 4157 819 4215 ergo
841 4141 1055 4216 merito,
1087 4150 1373 4218 quatenus
1399 4162 1554 4201 mors
1583 4143 1709 4219 ejus
1731 4143 2083 4202 intercedere
2102 4142 2318 4220 debuit,
2343 4152 2617 4221 tanquam
2638 4141 2993 4217 Redemptio

575 4226 942 4292 peccatorum
970 4221 1417 4297 praecedentium
1445 4222 1554 4281 sub
1581 4221 1720 4282 Vct.
1750 4223 1927 4298 Test.,
1976 4222 2129 4282 Heb.
2177 4223 2260 4282 ix.
2303 4225 2397 4299 15,
2429 4223 2600 4282 Rom.
2648 4221 2730 4279 iii.
2769 4223 2865 4296 25,
2916 4231 2995 4280 ut

571 4295 792 4433 lvssrtute
847 4298 1151 4360 solutionis
1199 4319 1236 4360 a
1281 4301 1569 4379 Sponsore
1615 4309 1772 4361 certo
1825 4311 2082 4380 tempore
2136 4303 2343 4363 futurae
2398 4303 2625 4362 debitor
2671 4321 2707 4360 a
2752 4317 2990 4359 carcere

657 4385 868 4436 eratur.

651 4453 727 4546 Y.
773 4455 848 4514 Id
895 4457 1082 4535 ipsum
1129 4479 1270 4522 vero
1307 4461 1658 4522 luculentius
1699 4462 2011 4522 etiamnum
2039 4463 2248 4540 probat
2302 4463 2548 4522 Victimoe
2588 4459 2756 4538 σχίσας
2802 4477 2989 4537 quam

572 4531 836 4592 Chnstus
864 4535 924 4594 in
951 4539 1062 4598 hoc
1114 4541 1351 4618 negotio
1394 4541 1622 4602 induit:
1666 4541 1880 4618 Primo,
1916 4543 2053 4620 quia
2079 4543 2230 4602 inter
2272 4552 2476 4621 gentes
2521 4540 2812 4600 communi
2838 4559 2985 4598 con-

569 4629 743 4672 sensu
769 4624 1062 4692 receptum
1092 4629 1181 4678 est
1204 4621 1485 4680 victimam
1511 4621 1642 4680 loco
1678 4623 1997 4698 peccatoris
2038 4622 2230 4682 offerri
2257 4623 2333 4682 ad
2367 4621 2715 4702 placandum
2742 4619 2987 4680 Numen
