3234 5192
1020 998 1079 1090 Ι.
1173 998 1885 1098 PRAEFATIO

274 1279 394 1354 AD
461 1281 1192 1368 DISPUTATIONES
1255 1289 1370 1366 DE
1436 1290 2012 1370 NECESSARIA
2081 1293 2623 1375 SEGESSIONE

815 1559 946 1618 AB
1017 1559 1548 1622 ECCLESIA
1619 1562 2089 1626 ROMANA.

345 2126 572 2192 INTER
603 2149 833 2208 omnes,
870 2151 1006 2212 quae
1037 2131 1239 2196 Nobis
1273 2151 1413 2196 cum
1444 2131 1789 2198 Pontificiis
1840 2133 2257 2216 intercedunt,
2292 2133 2659 2202 Controver-

245 2223 394 2308 sias,
429 2227 660 2294 nullam
693 2229 852 2311 dari,
877 2250 1010 2310 quae
1033 2230 1476 2294 momentosior
1505 2231 1608 2307 sit,
1635 2230 1885 2314 nullam,
1908 2252 2043 2311 quae
2069 2233 2289 2312 majori
2316 2234 2657 2300 animorum

246 2327 660 2410 contentione,
713 2335 780 2392 et
820 2329 952 2408 jam
987 2335 1174 2392 antea
1220 2329 1460 2412 agitata
1509 2331 1718 2407 fuerit,
1776 2337 1843 2394 et
1908 2350 2071 2394 nunc
2122 2332 2309 2396 etiam
2358 2333 2654 2417 agitetur,

245 2441 322 2485 ea
371 2445 506 2504 quae
561 2425 980 2491 Secessionem
1029 2434 1306 2491 nostram
1362 2429 1441 2491 ab
1501 2427 1785 2493 Ecclesia
1834 2427 2116 2492 Romana
2168 2435 2433 2512 spectat,
2489 2431 2657 2514 apud

245 2540 458 2586 omnes
509 2524 695 2588 debet
746 2545 882 2589 esse
933 2525 1000 2588 in
1057 2528 1350 2590 confesso.
1463 2526 1616 2590 Cum
1676 2527 1840 2590 enim
1902 2526 2037 2590 aliae
2096 2527 2264 2592 circa
2320 2529 2657 2610 singularia

247 2620 525 2698 quaedam
561 2623 858 2687 doctrinae
881 2622 1104 2704 Capita
1131 2629 1468 2700 versentur,
1493 2625 1560 2688 in
1592 2625 1815 2706 quibus
1849 2625 1927 2688 ab
1955 2625 2217 2688 invicem
2248 2626 2611 2692 dissidemus
2637 2650 2651 2692 ε

247 2715 402 2780 Haec
435 2740 582 2783 vero
613 2723 821 2786 omnia
851 2721 918 2786 in
947 2721 1298 2786 universum
1331 2723 1797 2803 complectatur,
1822 2743 1955 2802 quae
1980 2743 2223 2786 eausam
2250 2723 2394 2789 huic
2423 2733 2653 2790 nostrae

245 2815 592 2883 Secessioni
639 2822 918 2900 praebere
949 2827 1324 2900 potuerunt3
1391 2820 1593 2885 Nemo
1643 2842 1767 2886 non
1816 2821 2005 2896 videt,
2057 2827 2355 2902 quantum
2402 2822 2655 2888 intersit

246 2924 536 2980 accurate
584 2938 720 2982 eam
770 2919 1056 3000 expendi,
1107 2925 1181 2980 ut
1229 2917 1587 2998 primariam
1636 2927 1702 2982 et
1751 2917 2097 2999 capitalem,
2120 2967 2132 2978 .
2154 2939 2194 2982 a
2250 2939 2372 2998 qua
2413 2927 2652 2984 caeterae

246 3032 456 3078 omnes
488 3017 820 3096 pendeant.
922 3017 1182 3081 Constat
1216 3037 1364 3080 sane
1392 3015 1544 3078 nihil
1586 3037 1741 3092 esse,
1784 3015 1948 3095 quod
1982 3015 2061 3078 ab
2096 3015 2339 3078 illarum
2378 3017 2649 3097 partium

245 3109 608 3190 hominibus,
640 3116 734 3179 vel
765 3115 1150 3195 frequentius
1197 3113 1298 3194 obj
1305 3119 1568 3194 ectetur‚
1601 3112 1699 3178 vel
1748 3113 2103 3194 exagitetur
2154 3112 2439 3191 odiosius,
2473 3118 2648 3197 quasi

246 3228 370 3271 non
421 3212 601 3275 modo
658 3214 1010 3294 temeraria,
1075 3213 1186 3276 sed
1243 3219 1309 3275 et
1365 3210 1603 3294 injusta
1660 3220 1725 3276 et
1782 3211 2190 3276 Schismatica
2244 3213 2451 3291 fuerit,
2514 3237 2649 3296 quae

241 3307 430 3386 pacis,
481 3331 662 3390 quam
713 3319 1039 3392 tantopere
1092 3311 1372 3375 Christus
1421 3311 1598 3374 nobis
1648 3309 2114 3386 commendavit,
2164 3312 2649 3378 sacratissimum

241 3405 552 3472 vinculum
641 3410 830 3492 impie
920 3409 1260 3490 abruperit,
1329 3417 1395 3472 et
1478 3410 1960 3474 communionem
2044 3409 2333 3490 Corporis
2412 3411 2645 3477 Christi

242 3505 490 3584 mystici
520 3508 753 3572 nefarie
785 3508 1093 3573 lacerarit.
1193 3506 1308 3571 Cui
1343 3506 1861 3588 perniciosissimo
1890 3507 2051 3570 malo
2087 3507 2425 3572 remedium
2478 3509 2646 3574 aliud

239 3604 450 3668 afferri
499 3626 624 3670 non
673 3627 855 3686 posse
904 3606 1246 3686 clamitant,
1283 3625 1466 3686 quam
1495 3605 1547 3668 si
1577 3626 1653 3668 eo
1685 3605 1847 3668 unde
1896 3605 2197 3668 exivimus
2236 3613 2639 3684 revertamur,

239 3708 308 3764 et
355 3723 494 3766 cum
551 3704 834 3769 Ecclesia
883 3724 1018 3787 sua,
1070 3725 1109 3766 a
1169 3723 1291 3784 qua
1337 3723 1451 3784 per
1500 3702 1783 3766 Schisma
1839 3703 2251 3766 voluntarium
2312 3704 2641 3768 divortium

238 3800 512 3877 fecimus,
546 3802 615 3866 in
646 3804 912 3884 gratiam
945 3803 1286 3866 redeamuS.
1389 3800 1612 3864 Nostri
1667 3822 1812 3865 vero
1850 3801 2139 3877 vicissim,
2172 3821 2251 3864 ne
2284 3801 2533 3866 veritati
2569 3823 2642 3868 ac

238 3899 362 3962 sibi
396 3900 702 3983 deessent,
737 3901 803 3965 in
851 3901 920 3964 id
949 3900 1138 3964 etiam
1173 3899 1386 3964 sedulo
1413 3899 1796 3976 laborarunt,
1823 3906 1896 3962 ut
1924 3899 2259 3962 falsitatem
2290 3905 2356 3963 et
2385 3899 2643 3980 injusti-

241 3996 396 4060 tiam
427 3997 688 4062 istarum
722 3998 1219 4063 criminationum
1252 3999 1767 4074 demonstrarent,
1800 4009 1865 4061 et
1900 3997 2191 4060 subdolas
2228 4017 2440 4062 eorum
2470 4005 2641 4062 artes

237 4101 612 4177 retegerent,
648 4098 754 4177 qui
805 4099 919 4162 sub
953 4097 1260 4162 insidiosae
1291 4097 1462 4177 pacis
1496 4099 1778 4172 obtentu,
1812 4097 1931 4160 hoc
1979 4116 2169 4158 unum
2225 4096 2511 4178 agebant,
2566 4102 2641 4160 ut

234 4194 663 4278 conscientias,
721 4195 910 4260 semel
965 4216 1006 4258 a
1065 4195 1314 4258 Christo
1373 4195 1687 4272 liberatas,
1752 4196 1867 4258 sub
1921 4193 2264 4256 durissimae
2319 4193 2638 4258 servitutis

224 4292 446 4372 jugum
481 4299 831 4356 ἀᾱάστακτον
861 4294 1249 4361 reducerent.
1309 4293 1486 4372 Quod
1519 4295 1599 4358 ab
1624 4291 1867 4358 eximiis
1890 4291 2010 4356 Dei
2041 4291 2249 4354 Servis
2282 4311 2357 4355 ea
2387 4291 2639 4356 solertia

233 4396 300 4453 et
335 4388 647 4455 soliditate
678 4393 1050 4474 praestitum,
1082 4399 1154 4455 ut
1185 4391 1339 4456 nihil
1368 4394 1595 4456 habeat
1638 4389 2003 4473 superstitio
2033 4389 2196 4469 quod
2226 4409 2363 4453 cum
2395 4391 2639 4455 ratione

229 4507 530 4567 reponere
559 4491 777 4570 possit.
881 4490 1388 4555 Demonstratum
1438 4492 1667 4572 quippe
1698 4509 1821 4552 non
1851 4507 1976 4550 una
2006 4487 2267 4570 ratione,
2320 4487 2465 4551 Pios
2496 4487 2639 4551 Ma-

223 4586 402 4666 jores
431 4595 674 4652 nostros
722 4609 844 4652 non
895 4589 1028 4654 sine
1075 4589 1453 4671 gravissimis
1502 4589 1706 4652 causis
1757 4593 1901 4668 post
1950 4591 2258 4650 tentatam
2297 4587 2521 4666 saepius
2570 4595 2637 4650 et

231 4685 576 4765 expetitam
607 4688 842 4752 frustra
869 4687 1390 4752 Reformationem
1420 4687 1484 4750 in
1519 4685 1740 4767 Capite
1772 4691 1840 4751 et
1862 4682 2187 4768 Membris,
2220 4683 2638 4750 Secessionem
