3234 5192
512 324 637 381 488
1092 337 1173 378 ns
1202 286 1694 379 sarisncrloms
1721 330 1966 378 camsi-1
1995 334 2315 376 vmunrs.
2503 314 2775 398 [msrur.
2803 336 2932 379 xxv.

518 486 725 539 contra
752 478 1095 538 Pontificios
1139 483 1477 537 constanter
1518 476 1912 549 defendimus,
1941 476 2044 534 sed
2087 476 2164 533 de
2205 474 2422 535 morali
2462 477 2792 551 praesertim
2827 479 2928 537 cui

517 568 724 634 gentes
751 558 935 617 etiam
962 556 1397 631 subjiciuntur:
1440 574 1581 614 nam
1611 556 1792 630 Legis
1818 554 2062 614 moralis
2097 554 2338 629 propria
2362 556 2494 612 hsec
2519 562 2608 612 est
2633 573 2772 632 vox,
2809 558 2930 625 Qui

503 638 717 715 fecerit
757 638 875 693 hoec
914 634 1061 692 vivet
1098 636 1163 692 in
1203 634 1299 692 eis.
1385 634 1545 692 Item
1583 632 1925 691 maledictus
1965 632 2166 703 omnis,
2211 636 2312 691 διε.
2398 633 2499 690 Ita
2523 650 2646 691 non
2675 634 2718 693 J
2725 638 2930 695 udaeos

514 722 753 774 tantum
781 716 887 773 sed
916 720 977 771 et
994 714 1248 789 gentiles
1269 712 1680 771 maledictioni
1699 712 1918 770 divinae
1939 711 2166 787 pariter
2181 709 2472 769 obnoxios
2501 713 2760 785 respexit
2785 715 2932 789 quia

514 794 755 869 utrique
776 799 919 851 sunt
943 792 1007 850 in
1032 798 1221 863 reatu,
1250 790 1489 866 utrique
1532 809 1656 848 non
1699 790 1822 849 alio
1862 789 2062 849 medio
2090 806 2275 863 quam
2299 790 2417 846 fide
2445 788 2734 862 salvandi,
2763 794 2928 866 quod

514 871 647 929 fuse
676 870 1059 946 prosequitur
1086 870 1300 945 Apost.
1330 870 1409 926 ad
1438 868 1613 927 Rom.
1659 867 1779 927 Sed
1807 868 1954 943 quid
1973 885 2125 942 opus
2152 866 2502 942 probatione
2529 885 2668 925 cum
2697 868 2928 928 Paulus

514 950 774 1023 seipsum
802 948 1121 1007 clarissime
1148 948 1589 1023 interpretetur,
1618 964 1740 1003 ver.
1783 946 1840 1017 8,
1887 946 1979 1017 14,
2019 945 2167 1002 dum
2195 945 2282 1003 ait
2306 952 2621 1020 propterea
2645 948 2928 1006 maledic-

514 1027 741 1084 tionem
772 1026 959 1084 fuisse
1001 1026 1227 1084 sactum
1273 1025 1583 1085 Christum
1630 1028 1663 1058 ‘⁴
1682 1031 1752 1080 ut
1794 1022 2128 1082 benedictio
2177 1022 2512 1081 Abrahami
2553 1024 2932 1100 contingeret

514 1105 797 1179 gentibus
823 1104 887 1161 in
918 1102 1213 1174 Christo,’'
1241 1104 1523 1161 nimirum
1551 1120 1655 1161 eos
1680 1120 1887 1161 omnes
1927 1101 2182 1160 redemit
2213 1120 2252 1159 a
2294 1100 2474 1175 Legis
2513 1102 2930 1161 maledictione

518 1200 670 1257 quos
696 1182 1107 1242 benedictione
1142 1180 1609 1252 Abrahamiticm
1639 1180 1721 1239 id.
1751 1180 1972 1239 coelesti
2008 1187 2070 1237 et
2110 1180 2424 1257 spirituali,
2458 1180 2664 1250 donat,
2693 1188 2758 1239 at
2801 1199 2927 1239 non

518 1258 562 1316 J
566 1262 772 1319 udaeos
798 1267 1033 1319 tantum
1077 1261 1181 1319 sed
1224 1267 1285 1318 et
1326 1266 1536 1335 gentes
1582 1262 1700 1317 hoc
1740 1265 1962 1316 mactat
2009 1258 2308 1329 beneficiO,
2337 1264 2408 1315 ut
2447 1257 2510 1315 in
2539 1258 2924 1332 sequentibus

518 1340 725 1397 multis
752 1340 1028 1398 ostendit.
1060 1339 1131 1399 E.
1161 1356 1284 1397 non
1311 1340 1391 1397 ad
1418 1336 1462 1396 J
1466 1340 1671 1396 udaeos
1697 1344 1934 1396 tantum
1951 1338 2054 1394 sed
2075 1337 2299 1413 pariter
2318 1337 2395 1395 ad
2415 1342 2624 1410 gentes
2643 1354 2925 1411 quaecun·

515 1434 633 1491 que
660 1417 815 1475 dixit
838 1418 1154 1491 pertinent.

602 1494 891 1553 XXXII.
934 1496 1099 1554 Huic
1124 1496 1320 1571 priori
1346 1495 1482 1554 loco
1518 1514 1642 1555 non
1690 1494 1979 1554 absimilis
2017 1500 2108 1551 est
2159 1496 2310 1551 alter
2353 1493 2625 1567 ejusdem
2669 1492 2864 1564 Pauli,
2887 1493 2928 1551 2

522 1571 658 1630 Cor.
702 1590 759 1630 v.
789 1572 884 1643 21,
914 1580 951 1607 “
976 1574 1139 1631 Eum
1184 1574 1287 1649 qui
1314 1582 1626 1649 peccatum
1673 1590 1796 1630 non
1824 1578 2074 1631 noverat
2113 1578 2424 1647 peccatum
2443 1570 2582 1629 fecit
2627 1578 2698 1628 ιιι
2737 1571 2929 1629 simus

521 1648 635 1706 Dei
657 1647 701 1705 J
705 1649 912 1707 ustitia
938 1650 999 1707 in
1018 1651 1204 1725 ipso,”
1233 1651 1339 1709 ubi
1368 1669 1489 1710 non
1516 1652 1716 1708 minus
1743 1650 2050 1725 perspicue
2077 1649 2240 1707 idem
2265 1649 2616 1724 mysterium
2641 1649 2831 1722 aperit
2851 1655 2926 1707 ιιι

518 1744 595 1783 ex
622 1726 1000 1801 singulorum
1028 1730 1349 1786 verborum
1389 1730 1664 1787 examine
1691 1727 2044 1785 accuratiori
2085 1726 2484 1785 demonstrari
2509 1726 2680 1783 facile
2706 1734 2922 1801 potest.

518 1803 685 1861 Nam
706 1805 803 1861 hic
823 1806 1064 1863 nullum
1083 1806 1331 1864 verbum
1352 1808 1608 1866 occurrit
1623 1807 1786 1881 quod
1805 1807 2041 1879 pondus
2061 1822 2240 1862 suum
2257 1822 2382 1862 non
2403 1804 2635 1861 habeat.
2663 1804 2715 1861 1.
2739 1804 2929 1871 Quod

505 1884 713 1961 factus
734 1882 953 1940 dicitur
970 1894 1271 1959 peccatum
1310 1884 1476 1942 mirae
1505 1891 1595 1942 est
1641 1884 1988 1957 emphaseos
2032 1883 2112 1940 ad
2158 1883 2486 1941 notandam
2528 1883 2684 1940 hane
2709 1888 2772 1940 et
2793 1900 2928 1957 per-

520 1978 681 2018 sonae
710 1967 773 2019 et
790 1978 980 2037 poenae
1008 1961 1517 2036 subrogationem,
1546 1967 1856 2038 peecatum
1895 1961 2055 2019 enim
2104 1977 2178 2020 ea
2203 1961 2448 2019 notione
2475 1960 2796 2035 saepissime
2824 1978 2927 2018 ve-

518 2038 647 2096 nire
675 2040 737 2095 in
770 2038 849 2098 V.
878 2038 947 2097 Τ.
977 2047 1047 2097 ιιι
1074 2047 1135 2099 ει
1158 2058 1393 2117 poenam
1418 2040 1608 2116 ipsam
1637 2038 1862 2115 peccati
1902 2045 1964 2096 et
1987 2038 2293 2098 victimam
2319 2038 2418 2097 cui
2463 2037 2792 2113 imponitur
2808 2038 2929 2096 fer-

518 2118 678 2175 enda
703 2124 1001 2189 connotet,
1028 2120 1231 2177 notius
1256 2124 1346 2177 est
1372 2137 1553 2195 quam
1574 2125 1647 2177 ut
1670 2116 2022 2193 probatione
2043 2116 2345 2191 indigeat:
2375 2134 2516 2173 nam
2541 2134 2618 2173 ex
2644 2116 2928 2191 primaria

517 2201 581 2253 et
595 2196 838 2271 propria
856 2197 1285 2271 significatione
1296 2198 1493 2255 oritur
1511 2196 1838 2273 impropria
1858 2202 1919 2254 et
1931 2196 2461 2274 figuratajduplexz
2494 2196 2546 2252 1.
2569 2194 2928 2271 metonymice

519 2274 803 2349 efficientis
822 2294 939 2349 pro
971 2276 1199 2347 effecta,
1227 2282 1299 2334 ιιι
1322 2294 1446 2333 non
1464 2275 1661 2350 ipsum
1681 2280 1989 2350 peccatum
2010 2275 2112 2332 sed
2133 2291 2369 2349 poenam
2389 2279 2636 2348 peccato
2663 2272 2927 2331 debitam

518 2351 827 2425 designet3
874 2352 1022 2410 Gen.
1052 2353 1133 2411 iv.
1166 2353 1257 2427 13,
1290 2359 1325 2388 ‘⁸
1346 2360 1656 2428 peccatum
1683 2371 1886 2411 meum
1923 2351 2124 2426 majus
2169 2352 2318 2422 est,”
2347 2351 2411 2409 id
2458 2357 2548 2409 est
2591 2368 2766 2424 poena
2791 2368 2926 2426 pec-

518 2427 654 2497 cati,
684 2433 745 2485 et
772 2446 889 2487 ver.
919 2428 977 2499 7,
1006 2435 1043 2463 “
1064 2437 1371 2504 peccatum
1398 2431 1475 2488 ad
1503 2430 1662 2487 fores
1688 2430 1928 2501 cubat,”
1955 2428 2020 2486 id
2047 2437 2136 2488 est
2161 2447 2338 2505 poena
2363 2429 2635 2487 imminet
2675 2434 2738 2485 et
2763 2437 2926 2488 certo

516 2510 777 2562 ventura
802 2512 929 2577 est3
972 2506 1055 2565 sie
1083 2506 1261 2565 Zaeh.
1290 2508 1408 2564 xiv.
1442 2507 1535 2577 19,
1564 2514 1602 2541 “
1623 2509 1740 2564 hoe
1767 2506 1882 2565 erit
1925 2514 2234 2581 peccatum
2265 2506 2557 2583 AEgypti’'
2587 2512 2650 2563 et
2675 2512 2713 2541 “
2735 2508 2927 2566 omni-

502 2598 625 2639 ·um
652 2582 923 2657 gentium
952 2603 1088 2660 quae
1114 2603 1239 2643 non
1266 2585 1642 2643 ascenderint
1667 2586 1743 2643 ad
1770 2584 1992 2642 festum
2039 2584 2643 2656 Tabernaculorum,”
2673 2584 2755 2644 id.
2783 2604 2925 2661 sup-

516 2660 767 2735 plicium
792 2668 854 2719 et
878 2681 1071 2737 poena,
1100 2662 1183 2721 sic
1208 2665 1287 2722 ad
1330 2663 1486 2723 Heb.
1510 2663 1589 2722 ix.
1635 2664 1730 2735 28,
1759 2663 1980 2721 dicitur
2017 2670 2053 2698 ‘⁶
2079 2662 2350 2723 Christus
2395 2664 2778 2739 appariturus
2797 2663 2924 2737 sine

516 2741 799 2813 peccato’'
826 2760 949 2799 non
976 2748 1213 2799 tantum
1261 2743 1337 2800 ab
1387 2742 1552 2800 omni
1597 2741 1731 2818 ejus
1757 2741 1892 2799 labe
1941 2741 2242 2812 immunis,
2293 2742 2588 2817 siquidem
2615 2747 2678 2797 et
2702 2742 2819 2798 hoo
2843 2743 2921 2799 ab

518 2816 692 2875 initio
736 2819 949 2878 habuit
994 2838 1242 2895 semper,
1292 2828 1499 2896 utpote
1546 2827 1785 2879 sanctus
1831 2826 1894 2879 et
1938 2826 2283 2895 segregatus
2311 2837 2348 2878 a
2373 2818 2794 2895 peccatoribus,
2821 2821 2926 2878 sed

518 2895 596 2952 ab
618 2897 782 2954 omni
808 2898 939 2973 ejus
964 2906 1133 2956 reatu
1162 2904 1224 2956 et
1248 2918 1423 2974 poena
1448 2899 1601 2957 liber
1620 2916 1804 2974 quam
1828 2898 1892 2954 in
1931 2898 2122 2973 primo
2151 2898 2417 2955 adventu
2443 2897 2506 2955 in
2534 2916 2596 2955 se
2621 2905 2923 2971 receperat

516 2974 752 3034 laturus
772 2994 905 3036 eam
924 2983 985 3034 et
1009 2978 1321 3035 ablaturus
1344 2998 1359 3047 ;
1402 2978 1455 3035 2.
1485 2977 1845 3053 metonymice
1865 2976 2131 3052 adjuncti
2149 2994 2268 3051 pro
2293 2976 2540 3052 subjecto
2559 2983 2628 3033 ut
2653 2992 2776 3032 non
2791 2981 2926 3033 tan-

514 3058 649 3109 tum
677 3072 915 3128 poenam
942 3056 1170 3129 peccati
1196 3056 1483 3131 designet,
1513 3058 1617 3115 sed
1638 3055 1926 3113 victimam
1953 3054 2142 3130 ipsam
2161 3052 2548 3129 piaeale'arem
2574 3060 2635 3111 et
2661 3053 2924 3112 hostiam

514 3145 628 3203 pro
649 3139 887 3203 peccato
908 3140 1210 3203 connotet,
1238 3133 1321 3192 sic
1341 3134 1659 3209 saepissime
1686 3132 1748 3188 in
1779 3133 1943 3204 Lev„
1973 3142 2078 3192 crin
2105 3140 2166 3189 et
2192 3150 2340 3193 naar:
2356 3150 2466 3206 pro
2497 3130 2794 3191 Sacrificio
2814 3149 2925 3207 pro

516 3213 757 3277 peccato
786 3216 1172 3282 usurpantur,
1202 3210 1348 3269 Lev.
1376 3229 1434 3268 v.
1464 3212 1521 3283 9,
1544 3219 1580 3248 “
1602 3211 1900 3285 aspergite
1928 3211 2004 3268 de
2024 3209 2316 3284 sanguine
2335 3208 2500 3267 illius
2525 3209 2811 3285 peccati,’'
2837 3210 2922 3268 id.

516 3280 809 3353 vietimae3
851 3293 911 3343 et
938 3286 1137 3344 statim
1155 3288 1399 3345 additur
1426 3308 1515 3345 mn
1544 3306 1694 3349 naun
1715 3290 1818 3346 hoc
1835 3300 1919 3347 est
1956 3298 2274 3364 peccatum,
2297 3287 2420 3346 scil.
2438 3287 2637 3345 hostia
2661 3304 2771 3363 pro
2791 3305 2926 3363 pec-

514 3362 686 3427 cato;
730 3360 815 3417 sic
840 3363 1004 3437 apud
1034 3362 1303 3421 Hoseam
1344 3364 1674 3422 sacerdotes
1703 3366 1988 3423 dicuntur
2014 3367 2305 3423 concedere
2322 3376 2565 3442 peccata
2583 3365 2809 3441 populi,
2837 3367 2922 3424 id.

518 3436 819 3496 sacrificia.
862 3438 1094 3497 Paulus
1120 3458 1263 3515 ergo
1285 3442 1365 3499 ad
1392 3446 1742 3499 consuetum
1770 3449 1830 3500 et
1851 3448 2154 3518 receptum
2173 3446 2337 3502 hunc
2362 3444 2652 3519 loquendi
2671 3445 2923 3501 modum

516 3514 833 3589 respiciens
864 3515 1169 3576 Christum
1194 3518 1293 3576 hie
1319 3518 1465 3576 dicit
1509 3518 1739 3577 factum
1763 3518 1945 3579 fuisse
1987 3529 2296 3595 peccatum
2343 3540 2467 3579 non
2509 3528 2748 3580 tantum
2775 3522 2924 3597 quia

516 3600 790 3669 peccator
806 3595 884 3655 ab
912 3594 1254 3655 hominibus
1292 3596 1536 3654 habitus
1559 3603 1670 3668 est,
1699 3600 1862 3672 quod
1890 3598 2248 3674 quibusdam
2276 3600 2380 3658 sed
2419 3616 2729 3676 perperam
2756 3600 2924 3657 vide-

516 3681 638 3744 tur,
665 3672 763 3731 hic
790 3673 950 3732 enim
976 3672 1052 3731 de
1073 3673 1190 3731 Dei
1214 3692 1339 3733 non
1360 3675 1674 3733 hominum
1686 3675 1918 3749 judicio
1936 3676 2156 3749 agitur,
2177 3695 2372 3753 neque
2399 3678 2581 3735 etiam
2608 3674 2773 3753 quod
2797 3677 2923 3734 fae·

516 3756 618 3808 tus
642 3752 828 3811 fuerit
852 3752 915 3809 in
940 3750 1122 3827 specie
1148 3752 1344 3810 carnis
1363 3752 1603 3829 peccati,
1632 3760 1704 3811 ut
1729 3754 1873 3811 alibi
1903 3753 2129 3812 Paulus
2171 3756 2458 3831 loquitur,
2505 3754 2682 3813 Rom.
2711 3754 2831 3811 viii.
2862 3755 2920 3826 3,

518 3831 683 3903 quod
710 3830 845 3888 aliis
873 3830 1065 3888 visum
1093 3836 1198 3902 est,
1246 3830 1501 3889 dilutius
1547 3830 1708 3889 enim
1728 3833 1841 3890 hoc
1865 3840 1956 3891 est
1982 3850 2166 3907 quam
2203 3840 2274 3891 ut
2296 3832 2422 3890 vim
2451 3834 2735 3908 phraseos
2763 3831 2923 3890 Pau-

515 3906 659 3965 linae
685 3910 931 3966 reddere
986 3915 1185 3983 queat,
1240 3909 1410 3967 aliud
1456 3909 1615 3967 enim
1663 3917 1755 3968 est
1797 3910 2254 3969 similitudinem
2299 3910 2492 3968 carnis
2533 3910 2758 3987 peccati
2789 3928 2922 3984 ges-

514 3992 663 4057 tare,
718 3987 887 4045 aliud
923 4004 1069 4043 vero
1108 3993 1418 4061 peccatum
1466 3987 1617 4059 fieri,
1672 3988 1776 4045 sed
1813 3988 1959 4064 quia
2009 3988 2136 4063 ipse
2187 4006 2394 4063 poenas
2435 3990 2658 4063 peccati
2713 4005 2920 4045 omnes

514 4070 805 4139 tanquam
831 4064 1150 4142 piacularis
1172 4064 1419 4123 victima
1438 4064 1549 4123 sibi
1580 4066 1889 4141 impositas
1915 4066 2073 4142 tulit,
2105 4074 2175 4124 ut
2201 4066 2482 4125 sacrificio
2510 4068 2700 4126 crucis
2725 4064 2922 4126 ‚auam

512 4142 653 4203 cdv-n
680 4162 982 4201 summum
1007 4160 1230 4201 numen
1257 4143 1521 4219 placaret
1546 4150 1609 4201 et
1633 4151 1876 4219 peccata
1900 4151 2110 4203 nostra
2134 4151 2434 4219 purgaret.

598 4200 928 4279 XXXIII.
970 4222 1026 4280 2.
1071 4220 1277 4297 Atque
1303 4223 1418 4280 hoc
1444 4222 1644 4297 ipsum
1679 4222 1902 4281 clarius
1937 4222 2228 4281 evincitur
2251 4241 2328 4280 ex
2347 4241 2421 4281 eo
2448 4225 2612 4298 quod
2639 4241 2763 4281 non
2789 4231 2924 4283 tan·

513 4306 643 4358 tum
671 4298 889 4357 dicitur
900 4300 1107 4377 factus
1127 4302 1231 4358 sed
1243 4301 1452 4378 factus
1473 4320 1513 4357 a
1534 4298 1684 4373 Deo,
1705 4318 1845 4359 eum
1867 4299 2086 4377 quippe
2113 4300 2412 4375 designari
2433 4319 2508 4359 ex
2534 4303 2922 4377 praecedenti-

514 4378 629 4435 bus
652 4376 861 4451 liquet,
908 4377 1012 4434 ubi
1038 4385 1357 4453 postquam
1393 4378 1547 4436 dixit
1569 4377 1898 4453 Apostolos
1918 4379 2159 4437 nomine
2190 4378 2410 4437 Christi
2428 4378 2725 4454 legatione
2741 4379 2920 4455 fungi

512 4460 575 4511 et
600 4453 770 4509 velut
794 4452 926 4510 Deo
952 4472 1060 4529 per
1084 4456 1241 4529 ipsos
1268 4463 1543 4531 precante
1578 4474 1792 4531 rogare
1819 4462 1891 4514 ut
1933 4457 2392 4515 reconcilientur
2433 4456 2584 4529 Deo,
2624 4458 2756 4534 jam
2780 4457 2922 4515 fun·

512 4531 863 4588 damentum
906 4530 1072 4592 illius
1115 4534 1473 4591 hortationis
1519 4534 1782 4592 ostendit
1807 4534 1870 4591 in
1910 4534 2320 4610 redemptione
2346 4553 2384 4593 a
2421 4534 2658 4594 Christo
2697 4554 2776 4593 ex
2803 4536 2922 4594 Dei

514 4604 723 4668 ordine
750 4605 925 4663 nobis
952 4615 1141 4679 pmta,
1172 4610 1341 4684 quasi
1371 4610 1595 4668 diceret
1618 4629 1742 4668 non
1789 4628 1914 4669 esse
1942 4629 2052 4669 cur
2095 4612 2441 4671 dubitemus
2487 4614 2566 4670 ad
2597 4614 2796 4672 Deum
2823 4632 2921 4673 ae-
