3234 5192
471 332 590 388 620
1035 344 1113 384 m:
1155 341 1639 384 sArrsrAcnoms
1668 340 1905 382 cums-m
1934 341 2253 381 vem-rurs.
2465 323 2727 404 [msi‘wr.
2760 345 2899 386 xxx.

551 485 912 545 Athanasius
961 486 1284 564 Episcopus
1333 482 1773 542 Alexandrinus
1816 483 1917 560 qui
1962 483 2071 542 sub
2100 483 2478 543 Constantino
2506 485 2701 545 floruit
2728 487 2919 546 circa.

474 569 776 626 ann.340.

559 648 645 706 De
677 646 1078 704 Incarnatione
1108 644 1294 703 Verbi
1325 644 1451 717 Dei,
1477 663 1532 720 p.
1565 645 1661 702 52.

557 734 596 762 ‘⁶
625 727 872 783 Θανάτου
901 728 1012 802 γὰς
1053 746 1114 790 ην
1141 729 1322 802 mefac,
1353 727 1452 780 καὶ
1491 722 1723 778 θάνατον
1752 723 1873 800 ὑπὲξ
1900 724 2107 779 «πάντων
2134 721 2231 779 ἔδει
2272 723 2503 800 γένεσθαι
2530 727 2612 781 ἵνα
2634 729 2693 782 τὸ
2723 730 2883 805 παρὰ

475 811 680 865 πάντων
723 809 1042 880 ὀφειλόμενον
1083 806 1317 882 γένηται·
1362 806 1478 878 ὅθεν,
1520 804 1587 867 ὡς
1631 807 1875 880 προεῖπον,
1907 805 1931 858 ὃ
1962 807 2122 879 λόγος
2164 804 2277 859 ἐπεὶ
2318 806 2411 860 οὐκ
2450 804 2543 860 οἷον
2584 827 2639 861 τε
2682 803 2745 872 ἦν
2784 810 2886 862 αὐ-

476 893 557 945 τὸν
600 890 866 942 ἀποθανεῖν
910 885 1199 963 (ἀθάνατος
1241 885 1353 961 γὰρ
1395 879 1430 948 ἦ
1437 883 1481 963 ν)
1525 880 1717 938 ἔλαζεν
1754 883 1932 959 ἐαυτῷ
1976 884 2129 951 σῶμα
2180 886 2239 939 τὸ
2282 885 2551 954 δυνάμενον
2590 889 2877 950 demanii,

475 971 555 1024 ἵνα
600 969 667 1030 ὡς
708 965 829 1021 ἴδιον
871 968 989 1020 ἀντὶ
1018 965 1222 1019 πάντων
1250 965 1381 1018 αὐτὸ
1423 963 1793 1040 προσενέγκῃ,”
1827 966 1949 1036 &e.,
1980 971 2039 1020 et
2068 963 2207 1021 ibid.
2236 984 2292 1040 p.
2324 967 2419 1040 69,
2468 968 2504 997 “
2528 970 2627 1021 καὶ
2668 969 2748 1042 τῷ
2778 989 2882 1022 τοι·

475 1047 610 1122 οὑτῳ
653 1048 742 1102 τοῦ
782 1045 1018 1102 Sami-03
1061 1047 1242 1121 τρόπῳ
1285 1044 1315 1109 ἡ
1363 1043 1590 1120 σωτηξῖα
1648 1047 1783 1098 πᾶσι
1836 1043 2015 1119 γέγονε
2061 1047 2159 1100 καὶ
2214 1045 2245 1109 ἡ
2290 1047 2457 1108 κτίσις
2498 1047 2657 1101 πᾶσαί
2714 1048 2878 1102 λελύ-

475 1143 688 1206 φςωται·
753 1123 898 1189 οὗτος
939 1126 1069 1180 ἐστίν
1111 1123 1141 1188 ἠ
1185 1125 1393 1178 πάντων
1422 1123 1554 1201 ζωὴ,
1601 1127 1699 1180 καὶ
1742 1123 1809 1186 ὡς
1866 1123 2120 1200 πςόίατον
2160 1125 2283 1200 ὑπὲρ
2326 1127 2421 1190 τῆς
2462 1126 2668 1181 πάντων
2718 1143 2883 1192 σωτη-

476 1212 592 1288 ςίας
635 1207 943 1282 ἀντίψυχον
986 1207 1043 1260 τὸ
1085 1205 1272 1260 ἑαυτοῦ
1315 1205 1470 1272 σῶμα
1499 1206 1571 1266 εἰς
1598 1201 1829 1258 θάνατον
1856 1205 2143 1280 παραδοὺς,
2174 1202 2283 1261 &Q
2329 1205 2519 1262 Morte
2548 1206 2701 1264 enim
2730 1225 2881 1283 opus

473 1289 582 1346 fuit
609 1295 668 1345 et
689 1295 930 1344 mortem
957 1304 1061 1361 pro
1091 1283 1358 1341 omnibus
1385 1282 1582 1340 inferri
1608 1303 1911 1342 necessum
1938 1293 2077 1355 erat,
2103 1292 2168 1341 ut
2194 1283 2353 1360 quod
2380 1285 2453 1342 ab
2484 1285 2752 1344 omnibus
2778 1286 2882 1343 de-

469 1369 658 1426 bitum
687 1375 810 1424 erat
838 1366 1126 1436 lueretur;
1175 1363 1576 1438 Quamobrem,
1601 1371 1667 1420 ut
1696 1362 1837 1435 dixi,
1864 1363 2127 1421 Verbum
2154 1364 2425 1440 quoniam
2454 1366 2601 1423 mori
2628 1385 2745 1424 non
2774 1387 2881 1443 po-

473 1449 586 1507 tuit
614 1455 812 1524 utpote
840 1445 1180 1519 immortale,
1223 1463 1432 1520 corpus
1461 1442 1573 1501 sibi
1601 1443 1845 1518 sumpsit
1872 1443 2029 1519 quod
2058 1445 2203 1501 mori
2232 1452 2471 1521 poterat,
2502 1445 2765 1522 illudque
2812 1453 2881 1503 ut

475 1547 642 1586 suum
665 1547 768 1603 pro
781 1525 1064 1600 omnibus,
1089 1521 1475 1598 obtulit‚''&c.
1501 1523 1578 1580 Et
1595 1523 1735 1581 alibi
1758 1525 1811 1599 p'.
1829 1525 1931 1582 66.
1960 1526 1995 1556 “
2019 1523 2151 1581 Hoc
2170 1524 2371 1582 mortis
2388 1537 2605 1601 genere
2622 1526 2879 1584 omnium

475 1608 633 1666 salus
661 1615 860 1683 parata
887 1613 992 1678 est,
1025 1614 1083 1662 et
1111 1605 1298 1661 omnis
1327 1611 1588 1661 creatura
1615 1602 1913 1680 redempta
1937 1626 1950 1678 ;
2000 1603 2144 1662 Haec
2172 1612 2262 1662 est
2290 1605 2547 1662 omnium
2582 1605 2705 1664 vita
2732 1616 2793 1664 et
2816 1616 2885 1665 ut

474 1688 602 1746 ovis
631 1706 734 1762 pro
783 1684 1038 1742 omnium
1089 1683 1272 1742 salute
1322 1682 1600 1762 vicarium
1642 1682 2175 1760 succedaneumque
2204 1704 2371 1742 suum
2402 1705 2611 1761 corpus
2638 1687 2699 1742 in
2728 1707 2883 1744 mor·

471 1776 588 1825 tem
607 1764 902 1837 tradidit,''
927 1761 1034 1820 Sco.
1056 1762 1129 1819 Id
1149 1763 1332 1840 ipsum
1355 1762 1480 1820 fuse
1504 1762 1565 1818 in
1585 1761 1789 1819 eodem
1810 1763 1939 1820 loco
1962 1765 2138 1822 variis
2160 1764 2478 1823 rationibus
2495 1767 2879 1842 persequitur.

553 1844 808 1903 Basilius
837 1843 1090 1918 Magnus
1121 1841 1609 1919 Archiepiscopus
1632 1841 2002 1901 Caesariensis
2032 1844 2091 1900 in
2114 1844 2479 1921 Cappadocia
2498 1845 2599 1922 qui
2629 1845 2879 1906 Valente

481 1927 798 2003 imperante
827 1922 1022 1981 floruit
1049 1943 1182 1980 ann.
1213 1925 1348 1996 370,
1381 1930 1440 1980 et
1468 1923 1576 1980 sub
1605 1921 1887 1980 Gratiano
1910 1923 2072 1982 obiit.

559 2005 780 2064 Homil.
811 2005 870 2062 in
901 2002 1055 2062 Psal.
1086 2002 1272 2077 xlviii,
1305 2001 1404 2080 qui
1434 2001 1587 2060 Heb.
1618 2001 1764 2060 xlix.
1790 2025 1805 2075 3

549 2093 586 2122 “
618 2085 808 2164 Εὐςὲθη
854 2083 920 2155 ἓν,
971 2086 1098 2153 ὁμοῦ
1143 2084 1349 2139 πάντων
1377 2081 1639 2157 ἀντάξιον,
1684 2083 1877 2148 ὀέδόθη
1926 2085 1999 2146 εἰς
2028 2085 2183 2152 τιμὴν
2210 2085 2511 2160 λυτξῶσεως
2550 2087 2645 2151 τῆς
2674 2085 2885 2162 ψυχῆς

479 2169 639 2238 ἡμῶν,
671 2169 730 2222 τὸ
759 2165 908 2242 ἅγιον
935 2168 1035 2220 καὶ
1063 2162 1350 2233 πολύτιμον
1379 2162 1523 2232 αἷμα
1553 2166 1643 2219 τοῦ
1674 2166 1860 2240 Κυρίου
1889 2163 2035 2231 ἡμῶν
2065 2167 2213 2228 Ιησοῢ
2238 2167 2477 2240 Χριστοῦ.
2566 2165 2883 2224 Inventum

471 2256 561 2306 est
589 2266 766 2306 unum
794 2245 1016 2304 caeteris
1045 2244 1312 2302 omnibus
1340 2242 1707 2320 praestantius
1734 2242 1979 2319 pretium
2008 2243 2163 2318 quod
2193 2243 2390 2302 datum
2420 2253 2509 2304 est
2530 2243 2591 2302 in
2618 2245 2883 2324 redemp-

470 2329 686 2386 tionem
731 2325 938 2382 animae
983 2332 1212 2398 nostrae,
1261 2331 1494 2381 sanctus
1538 2330 1596 2380 et
1644 2323 1929 2398 pretiosus
1970 2323 2207 2400 sanguis
2238 2323 2475 2381 Domini
2520 2325 2701 2383 nostri
2730 2325 2777 2385 J
2777 2346 2885 2385 esu

475 2405 744 2464 Christi.”

553 2482 902 2542 Ambrosius
948 2481 1402 2539 Mediolanensis
1451 2481 1776 2557 Episcopus
1804 2482 1904 2558 qui
1934 2482 2215 2540 Gratiano
2242 2490 2301 2540 et
2328 2481 2657 2543 Theodosio
2687 2485 2885 2562 Impe-

475 2565 738 2623 rantibus
765 2562 918 2620 vixit
945 2581 1078 2619 ann.
1109 2563 1226 2619 374
1257 2582 1272 2636 ;

553 2643 683 2702 Lib.
713 2643 786 2700 de
815 2642 858 2702 J
862 2641 1041 2718 oseph
1071 2640 1312 2698 Pati-iar.
1343 2659 1392 2698 c.
1424 2642 1460 2696 4
1485 2662 1500 2714 ;

557 2727 593 2758 “
613 2722 903 2782 Venditus
951 2729 1040 2779 est
1087 2721 1130 2780 J
1134 2720 1314 2798 oseph
1339 2720 1402 2778 in
1451 2720 1721 2796 AEgypto
1748 2720 1886 2796 quia
1915 2720 2178 2780 Christus
2220 2731 2499 2781 venturus
2526 2731 2649 2782 erat
2676 2724 2751 2782 ad
2780 2745 2885 2784 eos

467 2805 678 2884 quibus
708 2804 926 2862 dictum
973 2809 1060 2860 est
1107 2800 1368 2860 Peccatis
1411 2800 1623 2858 vestris
1653 2800 1874 2859 venditi
1900 2801 2057 2860 estis,
2144 2802 2222 2861 Et
2269 2801 2401 2861 ideo
2444 2822 2549 2862 suo
2595 2805 2879 2880 sanguine

469 2886 712 2945 redemit
739 2903 885 2962 quos
916 2882 1144 2959 propria
1180 2889 1415 2958 peccata
1445 2879 1841 2938 vendiderant.
1930 2881 2046 2940 Sed
2084 2881 2355 2940 venditus
2384 2882 2649 2942 Christus
2676 2885 2877 2942 condi·

468 2967 642 3025 tionis
673 2964 1034 3040 susceptione
1063 2961 1402 3038 nonculpae,
1423 2961 1760 3037 peccatique
1786 2961 1971 3036 pretio
1998 2981 2115 3018 non
2144 2969 2387 3036 tenetur,
2419 2964 2559 3040 quia
2576 2973 2879 3040 peceatum

467 3047 591 3124 ipse
619 3065 736 3103 non
765 3044 916 3102 fecit.
1003 3043 1198 3100 Pretio
1227 3042 1405 3117 igitur
1447 3049 1645 3100 nostro
1674 3039 1950 3116 debitum,
1981 3059 2097 3098 non
2143 3061 2247 3100 suo
2276 3063 2389 3100 aere
2416 3044 2723 3120 contraxit,
2752 3045 2877 3102 chi-

468 3125 820 3202 rographum
849 3123 1098 3195 sustulit,
1131 3121 1530 3180 foeneratorem
1577 3121 1840 3196 removit,
1872 3121 2088 3179 exemit
2136 3121 2471 3198 debitorem,
2504 3143 2655 3182 unus
2680 3125 2875 3182 exsol-

470 3207 557 3262 vit
577 3203 734 3279 quod
761 3204 836 3259 ab
865 3202 1132 3260 omnibus
1160 3201 1533 3259 debebaturl’

553 3285 630 3341 Et
649 3282 709 3340 li.
735 3282 806 3338 de
839 3281 1014 3338 Esau.
1047 3300 1148 3338 seu
1177 3281 1315 3355 fuga
1343 3279 1541 3338 seculi.
1572 3300 1620 3337 c.
1648 3284 1679 3336 7
1704 3303 1717 3353 3

553 3366 588 3396 “
613 3363 780 3420 Deus·
801 3359 933 3419 ideo
963 3360 1215 3436 suscepit
1243 3379 1488 3432 carnem,
1521 3368 1586 3417 ut
1612 3359 1983 3418 maledictum
2014 3361 2201 3420 carnis
2230 3361 2567 3438 peccatricis
2596 3361 2875 3432 aboleret,

468 3451 527 3502 et
555 3442 742 3500 factus
761 3449 852 3500 est
877 3460 980 3517 pro
1003 3439 1170 3498 nobis
1199 3439 1564 3498 maledictum
1589 3448 1655 3498 ut
1681 3439 2007 3498 benedictio
2028 3441 2361 3500 absorberet
2388 3441 2879 3518 maledictionem,

469 3523 772 3599 integritas
817 3527 1132 3598 peceatum,
1185 3519 1546 3595 indulgentia
1595 3519 1955 3593 sententiam,
1988 3521 2110 3580 vita
2144 3529 2405 3593 mortem,
2438 3523 2691 3599 suscepit
2719 3522 2879 3580 enim

469 3613 709 3663 mortem
741 3612 804 3661 ut
831 3601 1163 3678 impleretur
1191 3600 1490 3672 sententia,
1523 3599 1827 3658 satisfieret
1860 3599 2123 3676 judicato
2146 3621 2251 3678 per
2286 3601 2657 3660 maledictum
2686 3603 2879 3662 cernis

468 3684 804 3762 peccatricis
831 3701 1014 3758 usque
1043 3681 1117 3738 ad
1145 3688 1405 3738 mortem.
1451 3680 1610 3738 Nihil
1641 3699 1779 3756 ergo
1802 3679 2014 3738 factum
2038 3689 2127 3740 est
2154 3691 2353 3740 contra
2374 3682 2715 3740 sententiam
2746 3682 2876 3758 Dei,

469 3785 599 3824 cum
631 3764 706 3822 sit
733 3762 946 3820 divinae
975 3761 1228 3820 conditio
1257 3761 1494 3837 impleta
1521 3759 1877 3835 sententiae,'’
1906 3756 2015 3818 &Q

556 3846 633 3902 Et
660 3845 721 3902 li.
751 3843 831 3901 iii.
861 3842 934 3900 de
967 3840 1199 3916 Virgin.
1231 3841 1340 3900 sub
1367 3840 1536 3898 finem
1564 3862 1578 3914 ;

555 3928 590 3958 ‘⁶
611 3925 856 3982 Eramus
901 3922 1264 3998 oppignerati
1306 3919 1458 3978 malo
1488 3919 1757 3978 creditori
1806 3921 2057 3996 peccatis
2080 3942 2094 3995 ;
2140 3920 2533 3980 contraximus
2580 3921 2877 3997 chirogra-

469 4007 646 4083 phum
677 4003 879 4080 culpae,
909 4021 1137 4078 poenam
1169 3999 1466 4076 sanguinis
1495 3999 1867 4058 debebamus,
1952 4001 2131 4060 Venit
2163 4000 2447 4059 Dominus
2475 4001 2671 4074 Jesus,
2704 4019 2875 4058 suum

469 4107 576 4163 pro
591 4085 759 4144 nobis
779 4081 1118 4158 sanguinem
1137 4081 1349 4139 obtulit
1364 4080 1420 4154 ;’'
1455 4081 1532 4138 Et
1560 4099 1715 4154 mox,
1740 4083 1775 4112 “
1797 4080 1955 4155 Ergo
1972 4091 2031 4139 et
2048 4091 2107 4140 te
2124 4081 2364 4156 dignum
2390 4101 2525 4156 gere
2542 4082 2645 4140 tali
2668 4080 2875 4157 preste,

470 4185 543 4224 ne
566 4165 762 4224 veniat
781 4163 1060 4236 Christus,
1086 4161 1260 4238 quite
1289 4159 1608 4232 mundavit,
1634 4160 1733 4235 qui
1762 4169 1819 4218 te
1848 4161 2106 4234 redemit,
2130 4171 2188 4220 et
2217 4161 2340 4219 site
2369 4161 2429 4217 in
2452 4170 2687 4238 peccato
2708 4160 2875 4218 inve-

468 4247 618 4304 nerit
646 4245 802 4302 dicat
829 4242 953 4317 tibi,
987 4243 1127 4316 Quae
1155 4241 1376 4300 utilitas
1405 4239 1464 4296 in
1493 4240 1773 4316 sanguiue
1802 4259 1931 4298 meo
1952 4245 1980 4300 P
2048 4242 2201 4316 Quid
2230 4239 2445 4318 profert
2472 4242 2580 4300 tibi
2607 4241 2745 4298 dum
2774 4239 2875 4298 de-

470 4325 684 4384 scendo
714 4325 772 4380 in
801 4323 1224 4399 corruptionem
1244 4321 1307 4379 ?'’
1337 4319 1446 4378 See.

553 4403 920 4479 Augustinus
949 4404 1048 4480 qui
1078 4404 1136 4460 in
1165 4402 1328 4460 initio
1357 4399 1542 4478 quinti
1573 4400 1754 4458 seculi
1784 4400 1933 4460 vixit
1962 4422 1977 4476 ;

551 4483 680 4540 Lib.
705 4481 825 4538 xiv.
849 4493 1048 4540 contra
1077 4484 1358 4542 Faustum
1390 4480 1795 4553 Manichoeum,
1828 4501 1875 4538 c.
1908 4485 1965 4539 4.

554 4565 588 4594 ‘⁶
616 4562 882 4634 Suscepit
910 4563 1172 4622 Christus
1201 4563 1324 4620 sine
1352 4570 1516 4620 reatu
1545 4561 1889 4638 supplicium
1918 4569 2196 4634 nostrum,
2221 4569 2285 4619 ut
2313 4559 2447 4624 inde
2470 4557 2722 4617 solveret
2750 4579 2871 4618 rea·

470 4649 593 4698 tum
623 4645 901 4714 nostrum,
931 4649 990 4698 et
1017 4642 1205 4700 finiret
1233 4642 1406 4700 etiam
1435 4639 1781 4718 supplicium
1809 4641 2131 4700 nostrum.'’
