3234 5192
489 310 606 366 602
1059 321 1140 360 ns
1169 291 1661 362 sansracrroms‘
1679 321 1913 363 emus-rr
1940 323 2257 364 vamur-s.
2472 303 2733 387 [msru'r.
2768 325 2901 370 x1x.

483 463 670 548 φοέιμὶ
687 465 830 524 'eum
859 462 1052 523 statim
1099 461 1385 537 manebat,
1433 461 1514 520 ita
1563 463 1885 524 certissima
1910 473 1970 524 et
1998 466 2343 543 gravissima
2366 485 2539 544 poena
2567 475 2893 544 apostatam

485 554 695 619 manet,
746 564 863 603 non
891 543 1275 621 lapidatiouiS,
1307 551 1409 602 aut
1435 541 1538 602 teli
1565 563 1597 602 e
1642 553 1854 622 monte,
1884 565 2003 605 non
2028 547 2221 606 hiatus
2264 554 2431 606 terrae
2458 555 2559 606 aut
2584 547 2756 624 ignis,
2788 549 2899 607 sed

483 627 584 686 irae
615 625 726 684 Dei
755 645 882 702 quae
901 623 976 683 ad
1004 625 1184 682 instar
1209 622 1363 700 ignis
1407 621 1705 682 adurentis
1752 623 2098 685 devoratura
2126 635 2215 686 est
2240 625 2621 686 adversarios.
2684 628 2894 705 Itaque

485 715 552 766 ut
579 714 880 784 peccatum
907 704 1159 778 tollatur,
1193 701 1264 760 de
1295 702 1626 762 volentibus
1668 704 1946 764 debemus
1974 705 2097 764 fieri
2125 706 2407 781 nolentes,
2439 715 2578 766 tunc
2604 706 2759 766 enim
2788 708 2889 769 de·

483 807 642 846 mum
673 785 736 844 fit
763 785 1104 844 remissibile
1133 802 1264 842 cum
1292 782 1680 842 voluntarium
1710 804 1836 844 esse
1880 785 2107 860 desinit,
2138 787 2370 846 homine
2398 806 2501 864 per
2527 807 2723 845 veram
2764 807 2890 864 poe·

483 867 784 926 nitentiam
829 864 976 923 illud
1022 870 1342 937 aversante,
1372 862 1527 921 unde
1575 864 1677 940 qui
1712 884 1817 942 per
1843 865 2227 942 ignorantiam
2254 874 2458 943 peccat
2482 865 2709 926 facilius
2734 868 2889 927 hanc

482 945 878 1006 remissionem
925 942 1298 1019 consequitur
1339 951 1399 1001 et
1425 944 1743 1002 remedium
1777 945 1931 1003 malo
1958 965 2063 1004 suo
2090 945 2353 1005 invenire
2382 955 2587 1023 potest,
2618 948 2889 1024 exemplo

486 1027 672 1102 Pauli,
721 1028 750 1084 1
810 1023 959 1082 Tim.
1001 1023 1040 1082 i.
1091 1025 1180 1097 13,
1225 1031 1286 1081 at
1327 1021 1428 1099 qui
1468 1042 1571 1100 per
1611 1023 1907 1100 malitiam,
1950 1025 2183 1084 dubiam
2234 1026 2347 1085 sibi
2387 1025 2577 1084 reddit
2619 1027 2885 1102 salutem,

482 1107 621 1185 quia
662 1106 1020 1166 voluntatem
1056 1123 1220 1164 suam
1260 1103 1322 1161 in
1361 1103 1514 1161 malo
1557 1103 1869 1163 obfirmans
1910 1104 2157 1166 reditum
2201 1106 2311 1165 sibi
2352 1104 2428 1164 ad
2476 1106 2667 1165 Deum
2710 1107 2887 1166 inter·

482 1187 684 1247 cludit.

565 1267 782 1326 XVII.
807 1269 887 1326 3⁰.
907 1265 1115 1343 Objie„
1148 1263 1366 1323 Paulus
1386 1263 1484 1338 ait,
1517 1262 1653 1322 Act.
1677 1265 1801 1324 xiii.
1825 1267 1921 1340 38,
1951 1265 2012 1323 in
2034 1265 2325 1335 Christum
2355 1265 2655 1326 credentes
2675 1267 2891 1344 justifi-

483 1349 602 1407 cari
630 1347 704 1406 ab
733 1347 1000 1406 omnibus
1029 1366 1062 1404 a
1091 1345 1301 1422 quibus
1327 1343 1426 1402 lex
1457 1343 1643 1403 Mosis
1678 1345 1997 1422 justificare
2022 1365 2141 1404 non
2160 1353 2402 1423 poterat,
2434 1346 2575 1406 satis
2603 1347 2886 1423 indicans,

481 1449 518 1486 a
544 1427 891 1506 quibusdam
933 1426 1250 1484 levioribus
1299 1431 1540 1498 tantum,
1570 1432 1637 1482 ut
1680 1425 1954 1502 ipsosmet
2000 1426 2043 1485 J
2046 1425 2243 1484 udaeos
2271 1445 2416 1502 quos
2444 1425 2757 1504 alloquitur
2783 1448 2887 1506 op·

483 1508 622 1567 time
649 1509 882 1565 novisse
912 1505 1124 1564 ibidem
1167 1504 1370 1578 innuit,
1418 1523 1520 1581 per
1568 1505 1755 1564 Mosis
1798 1505 1986 1582 legem
2021 1505 2494 1584 justificationem
2533 1507 2883 1584 contigisse;

483 1588 588 1647 sed
615 1607 718 1664 per
746 1587 958 1644 Christi
1006 1585 1178 1642 fidem
1209 1583 1464 1642 omnium
1512 1584 1685 1643 etiam
1727 1585 2197 1662 gravissimorum
2229 1585 2569 1644 delictorum
2596 1586 2883 1646 remissio-

481 1687 614 1726 nem
671 1666 813 1725 dari.
900 1669 935 1698 “
969 1665 1182 1722 Notum
1224 1663 1408 1737 est0,'’
1440 1663 1645 1740 inquit,
1694 1665 1863 1722 “viri
1904 1665 2125 1742 fratres,
2170 1665 2327 1742 quod
2367 1686 2469 1744 per
2510 1667 2663 1726 hunc
2712 1669 2883 1726 vobis

483 1745 746 1806 remissio
788 1754 1154 1823 peccatorum
1195 1743 1584 1819 annuntiatur,
1617 1751 1677 1802 et
1716 1744 1792 1803 ab
1821 1745 2089 1804 omnibus
2130 1766 2165 1804 a
2206 1745 2416 1822 quibus
2458 1766 2574 1804 non
2614 1747 2885 1825 potuistis

483 1827 542 1884 in
605 1826 736 1902 lege
782 1825 966 1883 Mosis
1000 1822 1323 1902 justificari,
1369 1822 1429 1879 in
1469 1823 1580 1881 hoc
1624 1823 1809 1882 omnis
1838 1825 1939 1901 qui
1968 1825 2151 1884 credit
2184 1825 2595 1902 justificatur.’'
2680 1827 2881 1907 Resp.,

489 1907 606 1966 Sed
646 1907 810 1965 locus
849 1905 945 1963 hic
987 1904 1085 1962 vel
1111 1903 1259 1961 nihil
1286 1903 1509 1980 probat,
1541 1903 1638 1962 vel
1682 1904 2099 1963 Adversarium
2144 1905 2329 1982 ipsum
2366 1906 2616 1982 jugulat,
2646 1927 2765 1966 non
2790 1908 2881 1966 di·

477 1988 555 2047 cit
601 1987 820 2046 Paulus
861 1983 1125 2063 quaedam
1165 1983 1344 2042 fuisse
1385 1991 1623 2060 peccata
1664 2005 1699 2042 a
1738 1984 1950 2062 quibus
1990 2005 2093 2062 per
2132 1985 2323 2062 legem
2368 1985 2553 2045 Mosis
2592 1989 2887 2065 potuerint

480 2068 723 2141 absolvi,
755 2087 942 2144 neque
970 2065 1160 2124 dicere
1187 2064 1298 2123 hoc
1327 2063 1530 2141 potuit,
1555 2065 1773 2124 invicta
1800 2065 1952 2124 enim
1982 2074 2073 2124 est
2098 2065 2316 2142 regula,
2345 2066 2517 2125 Deut.
2538 2067 2734 2125 xxvii.
2780 2071 2881 2144 26,

483 2149 616 2208 Gal.
663 2149 744 2207 iii.
799 2148 890 2220 13,
939 2144 1347 2204 “Maledictus
1396 2143 1641 2220 quinon
1684 2154 1878 2204 manet
1920 2145 1981 2203 in
2026 2145 2292 2204 omnibus
2342 2165 2470 2223 quae
2509 2146 2723 2225 scripta
2750 2159 2889 2208 sunt

478 2229 538 2286 in
590 2229 740 2287 libro
781 2227 930 2304 legis
971 2233 1037 2284 ut
1077 2224 1250 2283 faciat
1291 2225 1433 2298 ea;''
1478 2243 1945 2302 unumquemque
2001 2233 2195 2284 autem
2256 2245 2361 2284 sua
2409 2227 2703 2285 convincit
2743 2247 2881 2286 con-

479 2308 721 2367 scientia
759 2306 915 2384 quod
955 2324 1073 2363 non
1101 2304 1314 2362 mansit
1353 2304 1413 2360 in
1456 2304 1723 2363 omnibus
1752 2327 1767 2381 ς
1811 2324 1929 2364 non
1968 2305 2035 2363 fit
2062 2325 2201 2382 ergo
2230 2306 2535 2366 antithesis
2576 2307 2725 2365 inter
2752 2327 2886 2383 pec-

481 2397 612 2447 cata
638 2406 882 2463 quorum
902 2383 1168 2461 quaedam
1197 2403 1232 2440 a
1255 2383 1439 2458 Mose,
1461 2383 1727 2459 quaedam
1752 2405 1787 2442 a
1809 2385 2038 2444 Christo
2061 2385 2385 2463 expientur,
2412 2386 2515 2447 sed
2536 2387 2687 2452 inter
2704 2384 2889 2446 ἀδυνα-

476 2476 601 2544 μίαν
637 2467 806 2542 legis
867 2473 926 2524 et
983 2463 1451 2522 caeremoniarum
1509 2463 1638 2540 ejus
1696 2464 1771 2522 ad
1839 2465 2297 2543 justificandum,
2360 2474 2419 2524 et
2485 2466 2883 2545 plenissimam

479 2546 694 2607 Christi
737 2544 1186 2604 satisfactionem
1228 2562 1362 2621 qua·
1384 2542 1578 2600 omnia
1617 2553 1855 2621 peccata
1897 2545 2245 2622 expiantur;
2294 2546 2388 2605 Ita
2426 2557 2492 2604 ut
2536 2566 2740 2606 sensus
2783 2548 2877 2624 sit,

475 2627 634 2706 quod
675 2627 773 2704 qui
833 2647 868 2684 a
907 2625 1084 2684 nullis
1126 2630 1436 2700 potuerunt
1475 2643 1578 2700 per
1638 2623 1826 2702 legem
1870 2625 2113 2701 absolvi,
2156 2626 2231 2684 ab
2274 2626 2541 2686 omnibus
2584 2626 2885 2688 credentes

466 2707 858 2788 justificentur
898 2725 1002 2784 per
1043 2704 1378 2779 Christum;
1423 2722 1539 2781 qua
1591 2703 1813 2763 ratione
1878 2704 2103 2782 dicitur,
2151 2706 2319 2764 Rom.
2378 2705 2457 2764 iii.
2516 2709 2612 2782 20,
2666 2711 2703 2741 “
2732 2713 2882 2766 πέω

477 2792 600 2869 cole}
641 2788 826 2847 omnis
856 2806 988 2847 caro
1016 2804 1133 2844 non
1175 2783 1526 2863 justificatur
1554 2804 1628 2844 ex
1656 2785 1843 2862 lege,’'
1872 2783 1935 2842 id
1964 2793 2067 2861 est,
2120 2785 2312 2862 nulla;
2358 2786 2481 2845 Nec
2508 2787 2683 2845 aliam
2708 2807 2883 2866 posse

473 2891 602 2929 esse
626 2869 897 2946 Apostoli
941 2875 1190 2926 mentem
1236 2863 1608 2925 confirmatur
1634 2883 1710 2923 ex
1754 2865 2067 2924 innumeris
2106 2865 2235 2924 aliis
2264 2865 2559 2942 scripturae
2607 2867 2753 2927 locis
2778 2868 2883 2928 ubi

476 2950 741 3009 absoluta
768 2949 870 3007 illa
915 2947 1066 3025 legis
1110 2945 1448 3023 impotentia
1495 2945 1855 3021 describitur,
1906 2946 2075 3004 Rom.
2124 2945 2247 3004 viii.
2278 2949 2333 3022 3,
2368 2947 2521 3005 Heb.
2550 2967 2611 3006 x.
2642 2951 2698 3024 3,
2729 2952 2786 3024 4,
2816 2960 2881 3008 et

472 3029 974 3108 praevaricationes
1005 3036 1063 3087 et
1088 3034 1326 3104 peccata
1352 3025 1488 3085 Vet.
1539 3025 1699 3084 Test.
1748 3025 2037 3103 expianda
2062 3025 2335 3084 dicuntur
2360 3026 2421 3084 in
2448 3035 2507 3085 et
2535 3047 2637 3104 per
2686 3027 2883 3088 Chris-

473 3119 616 3183 tum,
652 3108 803 3166 Heb.
850 3108 930 3164 ix.
988 3110 1076 3180 15,
1131 3107 1299 3164 Rom.
1345 3106 1427 3164 iii.
1479 3107 1576 3164 25.
1648 3109 1703 3166 2.
1740 3106 1801 3164 Si
1838 3125 1907 3164 ea
1934 3117 2088 3164 esset
2116 3125 2278 3164 mens
2310 3106 2477 3164 Pauli
2504 3127 2679 3184 quam
2706 3107 2880 3186 fingit

475 3187 856 3260 adversarius,
888 3186 1160 3245 videlicet
1205 3206 1358 3244 nunc
1385 3205 1494 3244 nos
1519 3205 1626 3262 per
1654 3185 1945 3245 Christum
1973 3185 2233 3245 obtinere
2260 3185 2649 3264 expiationem
2676 3207 2898 3247 earum*

473 3265 994 3342 transgressionum
1024 3284 1154 3341 quae
1181 3265 1242 3322 in
1270 3265 1454 3342 primo
1482 3265 1697 3324 foedere
1726 3275 1905 3340 erant,
1936 3265 1998 3323 id
2024 3274 2115 3324 est
2142 3285 2271 3342 quae
2299 3265 2408 3325 sub
2434 3267 2625 3344 prisco
2653 3266 2871 3328 foedere

473 3346 632 3404 omni
675 3363 813 3403 vera
857 3344 1186 3422 expiatione
1223 3343 1699 3417 destituebantur,
1730 3353 1789 3404 et
1816 3343 2026 3422 quibus
2075 3345 2213 3404 olim
2238 3346 2337 3405 lex
2365 3348 2595 3406 veniam
2624 3346 2875 3426 denega·

473 3427 609 3502 bat;
661 3425 776 3484 duo
822 3423 1024 3503 gravia
1063 3434 1438 3500 sequerentur
1471 3424 1738 3499 absurda,
1784 3429 1836 3485 1.
1870 3425 2098 3484 Nemini
2148 3426 2286 3485 olim
2334 3445 2667 3487 concessam
2695 3427 2877 3487 fuisse

473 3506 802 3584 graviorum
849 3505 1077 3563 illorum
1126 3511 1490 3582 peccatorum
1536 3525 1641 3583 pro
1670 3505 1881 3583 quibus
1921 3507 2088 3565 nulla
2114 3515 2278 3565 erant
2306 3506 2569 3566 instituta
2596 3507 2880 3567 sacrificia

473 3587 805 3665 singularia,
835 3585 1249 3660 remissionem,
1280 3584 1436 3661 quod
1483 3584 1693 3644 falsum
1733 3605 1859 3644 esse
1910 3587 2185 3646 evincunt
2232 3586 2499 3664 exempla
2532 3587 2876 3647 Sanctorum

472 3669 572 3745 qui
603 3667 710 3726 sub
740 3667 873 3726 Vet.
904 3667 1062 3725 Test.
1091 3665 1382 3724 vixerunt.
1427 3669 1484 3726 2.
1517 3665 1640 3724 Nos
1669 3666 1777 3724 sub
1808 3667 1959 3726 Nov.
1989 3667 2146 3726 Test.
2176 3667 2573 3726 remissionem
2602 3670 2883 3745 consequi

471 3748 533 3806 in
562 3749 842 3826 sanguine
873 3746 1086 3806 Christi
1133 3746 1362 3804 illorum
1411 3753 1634 3805 tantum
1664 3753 2025 3822 peccatorum
2056 3766 2185 3823 quae
2214 3746 2435 3824 expiari
2462 3766 2580 3805 non
2608 3755 2877 3824 poterant

471 3828 749 3906 sublege,
793 3827 1051 3904 adeoque
1096 3826 1343 3885 leviores
1371 3827 1503 3886 illas
1531 3826 1731 3902 culpas
1769 3845 1897 3902 quae
1926 3845 2027 3902 per
2054 3825 2333 3884 sacrificia
2360 3825 2463 3884 illa
2490 3828 2878 3904 expiabantur

471 3929 588 3967 non
615 3909 741 3969 tolli
771 3908 1050 3967 sacrificio
1080 3906 1312 3981 Christi,
1343 3907 1446 3966 sed
1476 3907 1572 3965 vel
1619 3906 1781 3967 nullo
1808 3906 1979 3964 modo
2008 3905 2247 3983 expiari,
2280 3906 2375 3964 vel
2424 3927 2527 3984 per
2573 3907 2873 3966 hominum

467 3989 888 4050 satisfactiones
914 3987 1048 4062 elui,
1079 3985 1236 4062 quod
1262 3995 1567 4064 utrumque
1597 3985 2091 4045 absurdissimum.
2177 3985 2337 4064 Ergo
2380 3996 2643 4064 superest
2670 3995 2735 4046 ut
2780 3987 2875 4046 di·-

467 4089 665 4129 camus
694 4088 921 4129 omnem
950 4068 1069 4126 vim
1098 4066 1320 4143 peccati
1348 4066 1620 4144 expiandi
1652 4065 1923 4142 denegari
1952 4065 2071 4142 legi
2096 4072 2164 4124 ut
2185 4085 2255 4125 ea
2282 4066 2342 4124 in
2360 4067 2608 4127 solidum
2638 4067 2872 4128 Christo

467 4151 770 4225 tribuatur,
829 4149 966 4226 quia
1029 4146 1156 4205 Lex
1211 4146 1472 4206 umbram
1542 4145 1777 4223 quidem
1846 4144 2049 4204 habuit
2102 4145 2403 4222 bonorum,
2488 4157 2549 4207 at
2604 4147 2874 4208 Christus

467 4229 778 4308 imaginem
808 4230 992 4307 ipsam
1017 4238 1074 4287 et
1103 4247 1328 4305 corpus,
1413 4227 1526 4285 Illa
1553 4234 1919 4302 peccatorum
1948 4225 2203 4284 omnium
2234 4236 2292 4287 et
2318 4227 2601 4287 leviorum
2650 4236 2710 4287 et
2736 4247 2871 4305 gra-

465 4309 690 4368 viorum
719 4309 1103 4387 expiationem
1135 4307 1195 4366 in
1221 4315 1363 4386 typo
1392 4306 1787 4379 adumbrabat,
1818 4305 1913 4363 hic
1942 4325 2080 4365 vero
2110 4307 2391 4384 sanguine
2420 4327 2525 4367 suo
2553 4307 2743 4384 reipsa
2767 4327 2874 4386 pe-

461 4389 632 4465 ragit.
2838 4415 2845 4420 ·

547 4467 797 4526 XVIII.
842 4471 898 4526 2.
951 4468 1262 4542 Quaeritur,
1311 4467 1410 4526 An
1455 4466 1737 4526 sacrificia
1784 4467 1920 4528 Vet.
1970 4468 2128 4527 Test.
2175 4467 2352 4526 ullam
2396 4467 2515 4526 vim
2560 4466 2873 4528 habuerint

462 4567 658 4605 veram
688 4547 960 4624 expiandi
1009 4569 1110 4624 per
1158 4569 1220 4606 se
1268 4558 1504 4625 peccata
1548 4567 1654 4624 pro
1704 4547 1915 4624 quibus
1958 4547 2382 4622 offerebantur-3
2427 4546 2576 4607 Nam
2619 4547 2704 4605 illi
2733 4567 2869 4607 cum

461 4627 674 4702 quibus
701 4647 794 4685 res
822 4625 990 4684 nobis
1018 4636 1106 4688 est
1153 4636 1476 4703 agnoscunt
1515 4627 1751 4704 quidem
1800 4637 2035 4704 peccata
2062 4627 2327 4706 quaedam
2355 4647 2460 4706 pro
2478 4627 2698 4720 ‘quibus
2726 4625 2869 4688 offc-
