3234 5192
323 354 557 397 Disru'r.
588 336 701 417 rv.]
1056 354 1287 397 nos‘rns
1317 356 1395 395 ΑΒ
1425 355 1708 397 scomma
1739 356 2012 397 somus.
2677 336 2752 395 89

322 496 407 555 iv.
438 498 531 569 16,
562 494 735 555 modo
764 493 937 555 etiam
980 514 1085 573 per
1108 501 1281 573 nium,
1333 497 1415 555 ita
1444 496 1557 557 Ina.
1588 497 1670 555 xl.
1707 498 1780 555 18
1835 504 1896 555 et
1922 497 2016 571 20,
2045 521 2118 571 μη
2153 500 2310 557 ninom
2349 495 2536 559 irum
2557 519 2754 553 ωπον.

316 576 619 652 «Iosephus
648 575 959 653 Antiquit,
990 575 1091 635 lib.
1120 576 1201 635 iii.
1232 596 1355 654 oap-
1385 578 1442 651 4,
1478 579 1503 635 ὅ
1542 573 1673 635 δίνη
1703 603 1750 641 ος
1777 592 1956 637 amm
1980 572 2172 651 μηδιιος
2198 580 2354 635 &ova
2373 575 2499 650 ζαου
2527 600 2755 639 ποιησαν-

324 680 419 719 τις
440 679 732 735 πςοαυηιι,
763 656 881 713 imo
922 656 1033 715 etsi
1060 656 1328 715 daremus
1372 665 1470 723 be„
1514 676 1617 735 per
1637 681 1674 715 u
1743 673 1827 713 λοι
1854 655 2322 715 contradistincte
2343 654 2420 713 ad
2445 654 2756 731 imaginem

324 754 501 813 posse
547 736 713 810 verti,
762 744 823 795 at
870 755 991 794 vox
1018 760 1169 797 nnn.-
1212 738 1559 812 generaliter
1602 756 1831 795 omnem
1879 736 2194 811 imaginem
2221 742 2280 793 et
2321 732 2756 793 similitudinem

328 814 647 875 damnaret.
733 815 955 873 Graecis
982 814 1171 875 υδυλου
1197 825 1256 875 et
1282 840 1415 875 mv
1441 836 1545 894 pro
1573 816 1776 875 eodem
1805 824 2126 890 sumuntur,
2152 814 2346 875 Gloss.
2385 836 2517 871 mv
2545 810 2752 873 υδυλοι.

332 894 431 953 Sic
455 894 629 953 Diod.
648 894 749 955 lib.
778 895 901 953 xvi.
935 896 1189 973 Philippi
1218 893 1425 971 abac»,
1460 904 1630 957 vocat
1675 896 1800 972 ejus
1853 902 2116 969 statuam,
2163 894 2510 953 Plutarchus
2536 893 2596 951 in
2625 893 2751 951 An-

330 974 494 1033 tonio
527 976 847 1051 Cleopatroe
874 975 1085 1035 idolum
1111 986 1289 1050 vocat,
1318 986 1372 1035 et
1398 978 1608 1035 idolum
1635 975 1964 1035 Alexandri
2004 974 2160 1051 apud
2197 974 2500 1033 AElianum
2527 973 2628 1032 lib.
2649 970 2751 1031 xii.

330 1072 457 1131 cap.
486 1056 583 1128 64,
616 1054 814 1113 Lucia.
844 1054 1059 1133 dialog.
1110 1056 1391 1131 Diogenis
1434 1064 1493 1115 et
1538 1055 1828 1129 Herculis,
1853 1056 1952 1125 ἔγω
1976 1051 2028 1112 δι
2053 1050 2244 1113 dna-v
2270 1060 2368 1129 εἰμι
2395 1058 2566 1128 αυτοῦ,
2597 1050 2756 1129 quod

331 1134 542 1211 repetit
572 1142 772 1210 postea
798 1154 903 1211 per
928 1159 1100 1195 uum.
1187 1137 1283 1195 Sic
1314 1136 1517 1195 Patres
1544 1136 1736 1195 Graeci
1763 1160 1834 1195 ru
1859 1134 2038 1193 ..aaa
2067 1145 2126 1193 et
2151 1160 2244 1199 rau
2269 1158 2450 1199 annas
2478 1133 2552 1191 de
2579 1132 2754 1191 simu·

331 1212 507 1271 lacris
528 1213 866 1287 Gentilium,
898 1234 1029 1291 quse
1066 1215 1138 1275 ad
1186 1216 1573 1275 idololatriam
1594 1215 1950 1292 prostabant,
1974 1213 2364 1273 indifferenter
2385 1222 2754 1289 usurparunt.

332 1292 529 1351 Latini
556 1311 695 1353 vero
736 1294 891 1353 idola
931 1303 990 1353 et
1031 1296 1299 1371 imayines
1326 1297 1650 1372 promiscue
1692 1304 1932 1371 ponunt.
2005 1294 2223 1367 Cicer0,
2267 1294 2368 1351 lib.
2401 1292 2439 1351 i.
2469 1292 2542 1349 de
2568 1292 2750 1366 finib„

330 1372 632 1448 imaqinem
678 1380 739 1431 et
774 1374 986 1433 idolum
1012 1394 1081 1435 eo
1110 1384 1333 1435 tantum
1363 1374 1495 1434 vult
1529 1373 1776 1448 differre,
1829 1372 1986 1450 quod
2030 1372 2276 1431 alterum
2325 1372 2615 1447 Graecum,
2667 1370 2752 1429 al-

332 1460 521 1509 terum
554 1451 825 1511 Latinum
853 1453 947 1528 sit,
994 1456 1198 1529 Atomi,
1243 1456 1428 1529 mane,
1474 1454 1762 1530 imayines,
1804 1472 1930 1529 quoe
1975 1453 2129 1511 idola
2169 1452 2475 1510 nominant.
2577 1450 2671 1509 Ita
2703 1449 2754 1507 si

332 1530 639 1607 originatio
668 1550 876 1591 vocum
904 1534 1251 1609 attendatur,
1280 1534 1505 1593 nullum
1533 1542 1724 1611 potest
1751 1532 1886 1591 inde
1915 1530 2148 1608 exculpi
2175 1530 2289 1589 tale
2318 1530 2646 1589 discrimen.

417 1610 667 1669 XXIV.
714 1611 834 1671 Sed
873 1632 991 1671 non
1031 1614 1239 1673 melius
1277 1614 1343 1673 id
1368 1623 1559 1692 potest
1588 1614 1721 1673 elici
1747 1633 1826 1673 ex
1851 1613 1942 1671 rei
1965 1621 2178 1670 natura
2207 1620 2264 1669 et
2286 1630 2409 1669 usu.
2476 1609 2756 1684 Quamvis

333 1690 489 1748 enim
532 1689 829 1749 fatendum
871 1692 947 1751 sit
986 1693 1325 1770 plerumque
1366 1694 1680 1770 imaginem
1714 1692 1889 1751 latius
1933 1701 2130 1769 patere
2159 1690 2331 1764 idolo,
2363 1698 2425 1749 et
2449 1690 2512 1749 in
2538 1689 2750 1748 bonam

333 1778 557 1846 partem
598 1789 715 1828 non
754 1789 885 1830 raro
928 1774 1097 1847 sumi,
1152 1774 1235 1831 ita
1276 1781 1344 1832 ut
1380 1792 1551 1831 omne
1593 1772 1828 1849 quidem
1871 1770 2090 1830 idolum
2133 1772 2210 1830 sit
2247 1771 2457 1846 imago,
2503 1769 2606 1829 sed
2639 1788 2756 1827 non

336 1849 525 1907 omnis
578 1849 771 1928 imago
829 1852 1087 1911 vicissim
1116 1851 1351 1928 idolum,
1382 1853 1496 1911 nisi
1524 1871 1702 1929 quum
1733 1851 1820 1909 illi
1849 1851 2046 1927 aliqua
2072 1849 2396 1909 divinitatis
2423 1849 2630 1909 relatio
2657 1868 2752 1907 ac-

335 1928 507 2004 cedit,
540 1930 663 1988 sive
691 1930 883 2007 quoad
912 1932 1495 2008 repraesentationem,
1520 1932 1647 1991 sive
1675 1930 1872 2008 quoad
1909 1930 2148 2004 cultum,
2179 1938 2372 1989 tamen
2411 1938 2630 1987 certum
2668 1937 2758 1987 est

333 2027 620 2084 nusquam
662 2010 745 2067 ita
782 2010 934 2069 inter
974 2030 1035 2071 se
1064 2010 1363 2088 distingui,
1395 2010 1563 2089 qnasi
1591 2012 1802 2069 idolum
1831 2010 1905 2068 sit
1933 2018 2156 2069 tantum
2186 2034 2278 2066 run
2307 2036 2394 2067 m
2424 2015 2756 2081 ὑφιστηκοτω

336 2107 441 2146 seu
482 2110 593 2147 non
636 2091 1002 2165 existentium,
1049 2092 1235 2167 imago
1266 2110 1405 2150 vero
1430 2116 1523 2149 un
1548 2096 1877 2162 §omnm-v
1903 2110 2096 2149 rerum
2119 2090 2482 2147 m'stemium.
2543 2090 2754 2162 Prinio,

333 2167 473 2245 quia
498 2188 617 2229 non
642 2168 817 2228 modo
844 2170 1145 2247 imagines,
1177 2170 1282 2229 sed
1322 2190 1414 2228 res
1436 2171 1712 2246 quaelibet
1745 2178 1952 2231 creatae
1980 2169 2138 2227 idola
2163 2168 2330 2243 fiunt,
2360 2167 2592 2244 quando
2621 2167 2753 2225 reli-

334 2247 535 2323 giosus
564 2249 753 2307 cultus
776 2249 894 2309 illis
922 2250 1248 2309 exhibetur.
1330 2250 1426 2309 Sic
1466 2250 1660 2327 imago
1689 2248 1972 2325 serpentis
2001 2248 2164 2323 aenei,
2193 2268 2324 2325 quae
2347 2248 2636 2307 Christum
2665 2266 2754 2305 re·

334 2328 737 2403 praesentabat,
768 2328 923 2387 facta
964 2338 1054 2389 est
1087 2328 1305 2389 idolum
1340 2330 1573 2406 quando
1602 2330 1646 2388 J
1648 2328 1802 2389 udaei
1829 2328 1916 2387 illi
1943 2328 2244 2387 incensum
2271 2327 2599 2386 adolebant.
2660 2326 2758 2385 Sic

336 2414 533 2465 statua
560 2407 1102 2467 Nebuchadnezaris
1143 2409 1363 2467 idolum
1406 2408 1530 2484 fuit,
1554 2409 1692 2469 licet
1720 2418 1874 2467 esset
1895 2409 1978 2466 rei
1999 2428 2170 2483 verae,
2202 2407 2432 2483 quando
2453 2406 2644 2484 posita
2669 2414 2762 2465 est

298 2492 301 2496 ’
334 2485 411 2543 ad
430 2486 841 2545 adorationem.
888 2488 1171 2563 Secund0,
1195 2489 1469 2567 pleraque
1492 2488 1768 2549 Gentium
1807 2488 1964 2545 idola
1991 2508 2104 2545 non
2135 2507 2324 2545 rerum
2337 2487 2628 2561 falsarum,
2655 2485 2762 2545 sed

336 2584 477 2623 vere
520 2566 893 2627 existentium
926 2569 1211 2645 imagines
1252 2568 1499 2642 fuerunt,
1532 2568 1629 2627 vel
1669 2579 1972 2643 astrorum,
2003 2567 2101 2625 vel
2141 2568 2458 2625 hominum.
2543 2566 2760 2640 Tertio,

338 2644 501 2705 Deus
542 2645 603 2703 in
632 2647 883 2705 secundo
927 2656 1216 2725 praecepto
1260 2647 1497 2706 damnat
1522 2668 1640 2705 non
1673 2658 1894 2707 tantum
1933 2647 2218 2723 imagines
2246 2666 2436 2705 rerum
2463 2645 2758 2722 falsarum,

334 2724 441 2783 sed
467 2725 641 2783 etiam
668 2746 858 2785 rerum
886 2728 1143 2785 omnium
1170 2728 1543 2786 existentium
1573 2730 1698 2785 sive
1721 2728 1782 2785 in
1809 2726 1974 2801 eoe10,
2007 2728 2131 2785 sive
2160 2726 2220 2783 in
2247 2736 2417 2801 terra,
2451 2726 2576 2784 sive
2605 2725 2664 2783 in
2694 2746 2754 2783 a·

335 2804 485 2879 quis,
514 2805 669 2864 unde
698 2826 967 2883 expresse
990 2807 1133 2866 dicit
1158 2826 1349 2866 rerum
1376 2825 1505 2883 quse
1536 2814 1672 2864 sunt
1699 2807 1757 2865 in
1783 2807 1946 2881 ecelis,
1977 2826 2094 2863 non
2123 2825 2262 2863 vero
2289 2824 2418 2881 quae
2447 2824 2563 2863 non
2601 2812 2756 2879 sunt,

336 2891 405 2941 ut
444 2883 751 2943 dicendum
780 2893 904 2945 erat
930 2906 1007 2945 ex
1033 2894 1227 2945 mente
1254 2886 1734 2945 adversariorum.
1819 2884 2054 2959 Quart0,
2091 2884 2386 2959 Scriptura
2413 2884 2568 2941 idola
2589 2892 2762 2943 vocat

338 2963 608 3039 imaqt'noe
650 2965 712 3023 in
755 2984 887 3023 eum
928 2966 1105 3025 finem
1146 2965 1379 3041 effictas,
1420 2973 1485 3024 ut
1522 2984 1698 3023 verus
1729 2965 1888 3023 Deus
1915 2983 2019 3039 per
2044 2983 2142 3021 eas
2169 2972 2674 3039 repraesentaretur
2701 2970 2762 3021 et

338 3042 637 3118 coleretur,
700 3054 861 3121 patet
916 3046 1251 3120 clarissime,
1316 3047 1367 3103 1.
1431 3064 1509 3103 ex
1566 3044 1738 3103 vitulo
1805 3062 2000 3116 aureO,
2069 3042 2170 3118 qui
2229 3043 2438 3099 idolum
2495 3048 2756 3116 vocatur,

340 3121 478 3181 Act.
518 3122 620 3181 vii.
650 3127 745 3199 41,
778 3134 837 3183 et
874 3126 1001 3202 ejus
1029 3126 1279 3185 cultores
1306 3123 1628 3183 idololatrae
1643 3126 1673 3181 Ρ
1755 3122 1904 3197 Quia
1929 3132 2120 3181 tamen
2169 3120 2355 3181 factus
2399 3128 2490 3180 est
2529 3122 2606 3180 ad
2634 3122 2759 3179 veri

340 3200 457 3259 Dei
496 3205 1077 3280 repraesentationem,
1126 3204 1280 3265 unde
1320 3204 1536 3279 Aaron,
1589 3202 1781 3262 Exod.
1827 3202 2016 3261 xxxii.
2063 3205 2116 3275 5,
2165 3209 2337 3261 vocat
2379 3202 2508 3279 ejus
2543 3201 2755 3261 festum

340 3280 385 3341 J
386 3282 607 3357 ehovae,
640 3284 791 3342 Cras
817 3285 927 3343 erit
932 3287 1147 3358 festum
1170 3286 1417 3358 Jehovae,
1448 3291 1507 3343 et
1533 3283 1745 3342 dicitur
1766 3285 1924 3342 Deus
1941 3282 2042 3359 qui
2059 3282 2252 3341 eduxit
2272 3283 2420 3357 ipsos
2441 3303 2514 3341 ex
2530 3285 2752 3359 AEqyp·
2817 3283 2822 3289 '

342 3368 413 3433 te,
446 3380 565 3420 ver.
596 3365 652 3421 4.
737 3363 881 3438 Quis
925 3384 1065 3423 vero
1109 3364 1307 3423 credat
1352 3371 1470 3422 tam
1498 3363 1776 3422 vecordes
1805 3362 2000 3438 fuisse,
2030 3370 2096 3421 ut
2121 3363 2378 3439 putarint
2405 3362 2650 3421 vitulum
2681 3384 2758 3421 ex

338 3439 637 3501 inauribus
664 3442 785 3501 suis
812 3462 1012 3502 recens
1038 3443 1349 3503 conflatum
1376 3451 1507 3521 post
1534 3444 1758 3503 exitum
1785 3463 1860 3501 ex
1887 3444 2157 3520 AEgypto
2212 3442 2370 3519 ipsos
2390 3462 2464 3501 ex
2487 3443 2758 3520 AEgypto

344 3520 616 3579 eduxisse
636 3525 665 3581 Ρ
726 3526 781 3580 2.
831 3525 1061 3581 Idolum
1114 3524 1303 3599 Micae,
1352 3524 1393 3583 J
1398 3522 1495 3581 ud.
1545 3522 1690 3581 xvii.
1726 3527 1783 3598 4,
1835 3530 1958 3581 erat
2010 3522 2204 3599 imago
2251 3522 2376 3581 veri
2434 3522 2562 3597 Dei,
2619 3522 2758 3598 quia

342 3599 485 3659 dicit
512 3620 573 3659 se
602 3621 967 3661 consecrasse
995 3604 1106 3662 hoc
1126 3611 1429 3679 argentum
1457 3603 1502 3662 J
1504 3603 1726 3679 ehovae,
1756 3610 1948 3679 sperat
1975 3602 2018 3662 J
2020 3602 2266 3660 ehovam
2295 3602 2404 3659 sibi
2424 3602 2752 3661 benefactu-

340 3698 485 3753 rum,
526 3680 683 3757 quod
725 3682 801 3741 sit
840 3682 951 3760 ipsi
994 3682 1204 3741 Levita
1242 3702 1345 3759 pro
1389 3682 1704 3757 sacerdote,
1735 3702 1856 3741 ver.
1891 3685 1983 3756 12,
2019 3684 2111 3740 13.
2196 3684 2251 3741 3.
2306 3682 2479 3739 Vituli
2513 3682 2752 3739 Jerobo-

343 3761 476 3834 ami,
512 3762 541 3817 1
576 3762 725 3838 Reg.
756 3762 857 3820 xii.
902 3764 997 3836 28,
1029 3783 1147 3821 non
1174 3762 1248 3819 ad
1276 3762 1453 3820 falsos
1484 3762 1658 3837 Deos,
1690 3762 1794 3821 sed
1831 3780 2032 3820 verum
2064 3761 2252 3819 Deum
2283 3759 2517 3817 Israelis
2543 3778 2752 3836 reprae-

344 3839 687 3899 sentandum
729 3840 1183 3901 destinabantur.
1261 3842 1383 3900 Nec
1430 3842 1583 3901 enim
1625 3841 1686 3899 in
1730 3842 1924 3901 animo
1959 3839 2162 3899 habuit
2199 3838 2530 3897 abstrahere
2559 3858 2592 3895 a
2614 3858 2756 3897 vero

347 3918 459 3977 Dei
502 3920 661 3979 cultu
680 3922 975 3998 populum,
1008 3922 1111 3981 sed
1168 3928 1392 3981 tantum
1422 3942 1456 3979 a
1481 3922 1611 3979 loco
1640 3922 1848 3996 cultus,
1878 3940 1954 3979 ne
1982 3918 2450 3994 Hierosolymam
2477 3918 2752 3976 ascende-

342 4006 433 4057 ret
476 4000 723 4076 populns
764 4000 841 4059 ad
880 4002 1159 4078 templum
1203 4000 1333 4076 Dei,
1362 4001 1463 4060 ubi
1518 4008 1644 4059 erat
1699 4020 1846 4075 arca,
1877 4008 2052 4075 atque
2108 3999 2188 4057 ita
2245 3995 2320 4055 ad
2341 4016 2538 4073 regem
2579 3997 2621 4055 J
2624 3996 2755 4057 udae

342 4096 609 4137 reversus
636 4098 673 4137 a
700 4098 761 4137 se
790 4079 1077 4140 deficeret.
1163 4081 1360 4158 Atque
1387 4081 1499 4139 hoc
1526 4081 1676 4139 inter
1702 4079 2084 4138 idololatriam
2114 4076 2344 4135 Achabi
2373 4084 2430 4134 et
2469 4077 2511 4135 J
2516 4076 2754 4135 eroboa-

344 4157 425 4215 mi
470 4166 921 4237 caeterorumque
968 4160 1175 4237 re'gum
1222 4160 1459 4219 Israelis
1502 4160 1812 4218 discrimen
1855 4157 2197 4230 intercessit,
2229 4156 2384 4232 quod
2413 4156 2512 4213 ille
2557 4164 2756 4215 contra

344 4236 591 4314 primum
618 4248 987 4316 praeceptum,
1018 4240 1173 4317 quod
1202 4248 1291 4299 est
1312 4239 1383 4299 de
1412 4239 1640 4316 objecto
1669 4238 1858 4297 cultus
1886 4236 2086 4311 divini,
2111 4236 2358 4293 alienum
2387 4234 2574 4293 Deum
2605 4234 2750 4295 Baa-

340 4316 455 4375 lem
506 4317 727 4378 scilicet
770 4319 1075 4378 colendum
1123 4320 1437 4397 proposuit,
1489 4318 1803 4378 Jeroboam
1835 4336 1973 4375 vero
2001 4323 2059 4374 et
2085 4314 2186 4372 alii
2213 4322 2414 4373 contra
2439 4314 2756 4375 secundum

338 4406 706 4475 praeceptum,
738 4399 897 4475 quod
936 4406 1025 4459 est
1053 4398 1127 4458 de
1156 4400 1325 4457 modo
1354 4399 1560 4473 cultus,
1592 4399 1635 4457 J
1639 4398 1882 4457 ehovam
1907 4396 2096 4455 Deum
2124 4414 2324 4452 verum
2352 4415 2456 4472 per
2476 4393 2759 4473 imagines

342 4476 642 4536 coluerint.
677 4478 786 4537 Ille
815 4479 1101 4539 abstraxit
1128 4499 1163 4538 a
1188 4480 1313 4537 veri
1335 4479 1452 4536 Dei
1476 4480 1642 4551 cultu,
1700 4477 1800 4535 alii
1826 4494 1966 4534 vero
1993 4495 2031 4533 a
2054 4494 2186 4533 vero
2214 4477 2362 4533 cultu
2389 4476 2520 4535 Dei.
2585 4476 2758 4537 Unde

342 4556 555 4616 dicitur
602 4556 807 4618 fecisse
836 4558 1046 4618 Achab
1089 4557 1246 4635 quod
1288 4556 1501 4616 malum
1547 4556 1854 4614 videbatur
1881 4554 1940 4613 in
1969 4554 2150 4613 oculis
2177 4554 2220 4615 J
2224 4555 2426 4614 ehovse
2453 4556 2759 4634 plusquam

344 4654 545 4693 omnes
578 4637 679 4712 qui
715 4636 943 4697 fuerant
984 4646 1117 4695 ante
1160 4637 1367 4713 ipsum,
1424 4654 1557 4694 nam
1599 4654 1730 4692 cum
1773 4634 1902 4692 leve
1946 4634 2000 4691 ei
2042 4634 2229 4694 visum
2273 4644 2426 4693 esset
2467 4635 2760 4694 ambulare
