3234 5192
305 356 538 399 msc-ur.
569 334 682 417 m]
955 352 1036 393 ns
1065 350 1346 393 saxonum
1391 348 1633 393 ornauit
1678 347 2094 391 secessuum
2608 336 2725 391 275

293 495 607 577 quominus
649 494 726 555 ad
767 493 1172 555 executionem
1215 490 1389 551 officii
1431 490 1616 551 debiti
1664 490 2061 569 obstringetur
2110 488 2373 565 Fidelis3
2424 490 2541 551 imo
2598 499 2715 551 tam

293 586 452 639 arete
479 586 540 637 et
565 574 960 635 indissolubili
986 574 1100 635 ista
1125 572 1278 632 inter
1305 592 1368 633 se
1395 572 1709 649 conjuncta
1748 579 1886 631 sunt
1911 571 2165 645 vincu10,
2196 578 2263 629 ut
2288 570 2437 631 nihil
2475 572 2714 649 promit·

293 666 452 719 tatur
477 678 514 717 a
558 664 722 735 parte
751 655 882 731 Dei,
911 654 1026 715 nisi
1051 654 1226 713 hemo
1253 651 1645 713 conditionem
1690 650 2046 729 propositam
2072 650 2312 730 impleat
2338 669 2373 710 a
2399 660 2563 730 parte
2590 653 2713 727 sui3

295 758 404 799 nec
445 738 753 815 quisquam
792 735 906 795 nisi
947 734 1096 795 falso
1144 734 1257 795 sibi
1295 732 1559 812 polliceri
1597 751 1855 810 unquam
1896 732 2108 809 poterit
2149 731 2393 809 gratiam
2439 732 2569 809 Dei,
2615 733 2715 810 qui

295 818 472 879 fidem
511 826 572 878 et
609 816 1011 896 poenitentiam
1052 834 1228 893 quam
1267 814 1472 892 exigit,
1517 812 1580 873 in
1607 832 1671 873 se
1690 831 1811 871 non
1839 811 2299 890 deprehenderit.
2384 812 2552 872 Licet
2572 832 2713 891 ergo

293 898 358 959 in
385 898 584 959 Verbo
611 906 673 959 et
703 895 1110 971 sacramentis,
1141 894 1408 955 Foederis
1445 892 1889 971 promissionem
1932 893 2095 953 Deus
2121 892 2293 952 nobis
2332 892 2623 969 exhibeat,
2654 903 2715 954 et

300 979 600 1040 verissime
639 998 710 1039 ac
751 976 1136 1039 sincerissime
1177 976 1536 1035 demonstret
1573 972 1719 1052 quid
1760 972 1873 1033 sibi
1900 980 2131 1051 gratum
2160 972 2255 1045 sit,
2276 980 2336 1031 et
2365 971 2509 1049 quid
2534 992 2713 1050 penes

291 1079 360 1121 se
398 1059 778 1121 constitutum
819 1059 912 1135 sit,
955 1056 1228 1117 nimirum
1269 1054 1408 1115 dare
1436 1054 1687 1133 gratiam
1714 1052 2097 1113 Credentibus
2134 1060 2195 1113 et
2220 1052 2710 1131 resipiscentibus,

295 1139 445 1199 Cum
485 1148 680 1201 tamen
719 1138 1027 1217 promissio
1067 1137 1194 1196 haec
1235 1154 1463 1213 semper
1503 1135 1580 1195 sit
1634 1133 2044 1208 conditionata,
2092 1133 2406 1211 Utcunque
2446 1132 2711 1193 indiscri-

293 1218 557 1281 minatim
597 1226 952 1297 proponatur
991 1225 1052 1277 et
1107 1216 1380 1277 offeratur
1433 1214 1785 1291 hominibus,
1828 1233 1947 1273 non
2004 1212 2151 1273 alios
2192 1220 2387 1273 tamen
2426 1214 2713 1293 respicere

289 1298 588 1359 censenda
611 1307 704 1359 est
743 1318 818 1357 ex
861 1298 978 1357 Dei
1015 1296 1278 1373 consilio,
1321 1316 1496 1374 quam
1538 1314 1639 1355 eos
1678 1296 1781 1372 qui
1822 1293 2229 1369 conditionem,
2270 1294 2382 1353 sub
2423 1313 2541 1371 qua
2578 1314 2709 1371 pro·

293 1378 546 1457 ponitur,
589 1398 652 1438 re
691 1378 820 1457 ipsa
857 1376 1181 1452 habuerint,
1225 1386 1284 1437 et
1323 1376 1535 1454 quibus
1574 1376 1700 1454 ipse
1740 1394 1870 1434 eam
1897 1374 2034 1435 dare
2074 1374 2392 1449 constituit,
2422 1374 2525 1451 qui
2552 1374 2713 1435 solus

292 1458 438 1519 dare
490 1466 698 1537 potest,
753 1458 946 1518 nimir.
1003 1457 1240 1517 Eiectos
1279 1466 1340 1519 et
1381 1456 1634 1516 Fideles.
1700 1454 1875 1517 Unde
1930 1454 2192 1533 sequitur
2245 1456 2457 1515 Foedm
2503 1456 2713 1532 ,qratia

293 1539 522 1599 nullum
561 1540 758 1601 locum
803 1538 1018 1601 habere
1063 1556 1235 1617 posse
1281 1557 1424 1615 erga
1467 1536 1781 1612 hominem,
1830 1535 1946 1595 nisi
1988 1536 2117 1594 Deo
2143 1536 2379 1595 vocanti
2404 1545 2620 1613 pareat,
2652 1545 2712 1597 et

289 1618 546 1681 officium
571 1620 732 1697 quod
757 1618 834 1679 ab
859 1619 988 1697 ipso
1015 1618 1179 1680 Deus
1206 1618 1482 1697 postulat,
1511 1618 1574 1677 in
1619 1617 1906 1677 bonorum
1934 1616 2187 1695 Operum
2222 1616 2407 1695 praxi,
2438 1622 2498 1675 et
2524 1617 2707 1695 poeni-

292 1700 491 1760 tentiae
519 1699 796 1761 exercitio
821 1699 1062 1779 implere
1087 1706 1338 1777 satagat.

901 1780 988 1840 X.
1019 1780 1202 1840 Porro
1227 1786 1296 1839 ut
1321 1778 1669 1853 obedientia,
1693 1797 1825 1856 qum
1850 1776 1912 1835 in
1942 1776 2187 1836 Foedere
2204 1775 2407 1855 gratiae
2434 1776 2707 1855 exigitur,

289 1844 414 1893 'sm
428 1847 658 1951 ffiffi'im
673 1847 781 1894 ’Μ’
823 1861 1015 1921 Deum
1069 1861 1394 1921 Trinunum
1447 1856 1701 1937 respicit,
1761 1857 2011 1934 Patrem,
2044 1858 2279 1933 Filium,
2310 1864 2371 1917 et
2426 1858 2707 1935 Spiritum

587 1920 628 1952 δ’
825 1942 1138 2018 Sanctum3
1183 1940 1280 2001 Ita
1329 1940 1444 2000 hoc
1497 1940 1675 1999 etiam
1701 1946 1985 2017 respectu,
2018 1937 2241 1997 Fidelis
2266 1946 2499 1997 tenetur
2536 1938 2708 1999 bonis

291 2022 580 2100 Operibus
598 2022 932 2083 incumbere
955 2044 970 2099 ;
1003 2022 1154 2080 Nam
1179 2030 1248 2081 ut
1275 2020 1522 2098 singulae
1539 2018 1842 2079 Trinitatis
1872 2018 2143 2079 Personae
2170 2018 2520 2096 peculiarem
2538 2038 2707 2095 qon-

289 2102 540 2164 indunnt
583 2102 646 2163 in
674 2101 1026 2163 Oeconomia
1078 2100 1313 2175 Salutis,
1346 2100 1542 2159 Prima
1579 2100 1795 2176 Patris,
1826 2098 1929 2177 qui
1954 2118 2062 2159 nos
2089 2098 2258 2177 eligit
2282 2099 2356 2158 ab
2385 2107 2618 2176 aeterno,
2648 2110 2708 2159 et

289 2181 352 2241 in
399 2181 678 2241 familiam
724 2200 892 2241 suam
934 2180 1225 2256 adsciscit,
1274 2180 1542 2241 Secunda
1585 2180 1999 2257 Redemptor-129,
2044 2179 2149 2257 qui
2190 2198 2299 2237 nos
2341 2178 2587 2239 redimit
2642 2180 2705 2239 in

287 2270 566 2339 tempore,
595 2268 659 2321 et
697 2262 764 2321 in
789 2260 1068 2339 populum
1095 2260 1442 2340 peculiarem
1471 2269 1532 2321 et
1565 2260 1827 2321 membre
1854 2258 2123 2339 Corporis
2150 2259 2241 2319 sui
2266 2259 2503 2339 mystici
2529 2278 2703 2339 coop-

287 2349 392 2416 tat,
438 2340 636 2403 Tertio
663 2342 970 2419 Par-aeleri,
999 2342 1104 2420 qui
1142 2360 1252 2403 nos
1279 2340 1620 2417 sanctificat,
1645 2348 1705 2401 et
1744 2341 1806 2399 in
1822 2340 2067 2419 Templa
2090 2348 2407 2417 consecrat,
2438 2340 2705 2401 Gratiam

283 2442 326 2481 a
351 2422 528 2483 Patre
576 2422 746 2483 nobis
773 2422 1136 2498 destinatam,
1167 2430 1228 2481 et
1273 2442 1310 2481 a
1357 2422 1512 2481 Filio
1540 2422 1901 2500 acquisitam,
1930 2421 2317 2500 applicando:
2361 2422 2457 2481 Ita
2482 2422 2559 2481 ad
2584 2431 2705 2483 tres

286 2502 576 2563 Personas
625 2502 831 2563 Cultus
858 2512 1056 2563 noster
1096 2503 1394 2563 terminari
1417 2502 1611 2579 debet,
1640 2510 1710 2563 ut
1735 2504 1971 2561 Panem
1994 2522 2339 2563 veneremur
2364 2510 2425 2562 et
2444 2502 2703 2563 colamus

283 2591 350 2643 ut
395 2584 551 2661 Reii,
609 2586 638 2643 1
694 2584 822 2644 Pet.
867 2584 910 2645 i.
959 2586 1053 2660 15,
1089 2586 1182 2661 16,
1215 2584 1367 2662 Eph.
1395 2603 1456 2644 v.
1491 2586 1543 2660 1,
1596 2582 1741 2643 Mal.
1795 2582 1837 2643 i.
1868 2585 1925 2659 6,
1984 2582 2071 2643 Ut
2111 2583 2365 2661 vestigia
2406 2582 2696 2663 Redemp-

285 2664 430 2723 toris
477 2682 802 2742 sequamur,
849 2666 882 2723 1
935 2664 1063 2725 Pet.
1101 2663 1163 2723 ii.
1193 2668 1290 2741 24,
1329 2674 1390 2724 et
1435 2682 1546 2723 nos
1585 2684 1725 2723 vere
1766 2671 2107 2742 praestemus
2132 2663 2413 2742 populum
2439 2664 2703 2745 nge-§mu

277 2744 494 2820 (nmis
533 2748 707 2805 κιλὸι
744 2742 909 2826 ἔργον,
939 2744 1054 2805 Tit.
1099 2744 1161 2803 ii.
1193 2743 1286 2821 14,
1321 2745 1406 2806 Ut
1433 2744 1801 2805 Paracletum
1826 2744 1889 2803 in
1914 2744 2084 2803 nobis
2110 2744 2469 2805 habitantem
2496 2745 2700 2806 sedulo

279 2825 557 2901 colamus,
605 2846 716 2885 nec
743 2844 1000 2903 unquam
1045 2826 1471 2901 contristemur,
1503 2825 1657 2903 Eph.
1685 2825 1766 2883 iv.
1796 2826 1893 2900 30,
1922 2824 2023 2883 vel
2069 2824 2376 2901 Templum
2400 2825 2532 2902 ejus
2558 2825 2697 2885 ullis

279 2903 552 2965 sordibus
597 2906 760 2965 infici
811 2904 1114 2983 patiemur,
1175 2908 1206 2962 1
1257 2906 1390 2965 Cor.
1433 2905 1513 2965 vi.
1561 2906 1670 2981 193
1731 2903 1867 2964 Uno
1908 2904 2091 2963 verbo
2130 2912 2200 2963 ut
2226 2902 2494 2963 vivamus
2520 2904 2699 2981 digne

283 2982 454 3044 Filiis
477 2984 606 3059 Dei,
639 2984 942 3045 Fratribus
961 2992 1022 3044 et
1050 2984 1332 3045 Membris
1361 2984 1594 3062 Christi,
1611 2994 1675 3045 et
1694 2984 1953 3062 Templis
1984 2983 2233 3060 Spiritus
2264 2982 2480 3044 Sancti.
2524 2983 2695 3045 Alias

277 3063 578 3203 ἓὲζωεῗέο
608 3063 804 3205 ’3ζέῗὲ
827 3064 1072 3203 Pffim·
1087 3064 1364 3205 hiim&
1364 3085 1398 3203 ‘1³
1419 3066 1671 3205 iffi?
1664 3084 1842 3205 ἴω,
1852 3063 2139 3203 31⁰¹¹¹m¹¹⁸
2162 3061 2693 3205 anagnu-oum.

603 3162 634 3203 r
803 3164 836 3204 e
1009 3188 1024 3203 .
1053 3165 1091 3203 ι.
1339 3165 1370 3205 e
1917 3164 1983 3203 os
2022 3162 2131 3203 nes
2454 3164 2506 3205 si
2532 3166 2693 3207 man-

277 3222 420 3283 data
445 3164 720 3302 ejuspnon
746 3189 1140 3300 obs’ervamns,
1171 3232 1231 3285 et
1271 3225 1456 3285 vitam
1481 3226 1705 3285 Christi
1746 3164 1866 3285 nulii
1892 3164 2431 3303 degimusffioffl
2410 3226 2533 3287 xiv.
2596 3230 2687 3305 15,

281 3307 314 3363 1
345 3303 488 3367 Joh.
529 3304 595 3365 ii.
633 3308 692 3382 3,
726 3305 898 3365 Rem.
945 3305 1068 3365 viii.
1100 3306 1136 3365 9
1158 3308 1188 3365 2
1273 3304 1394 3365 Vel
1423 3306 1677 3384 Spiritus
1732 3306 1793 3365 S.
1842 3306 2107 3367 Sacraria
2130 3305 2266 3385 dici,
2296 3306 2349 3367 si
2372 3316 2439 3367 ut
2468 3308 2692 3388 Spiritu

275 3382 548 3459 vivimus,
577 3385 662 3446 ita
698 3382 1019 3446 secundum
1049 3385 1327 3463 Spiritum
1369 3406 1487 3445 non
1515 3386 1895 3465 ambulamus,
1928 3386 2061 3447 Gal.
2089 3407 2149 3447 v.
2180 3390 2257 3447 25
2278 3390 2307 3447 Ρ
2388 3388 2523 3449 Hoc
2550 3410 2690 3450 vero

275 3466 597 3543 praesertim
623 3466 1184 3544 exigitCmnnwmio,
1205 3486 1339 3545 qna
1365 3467 1536 3527 nobis
1561 3467 1869 3527 intercedit
1906 3488 2039 3528 cum
2068 3468 2294 3529 Christo
2325 3469 2525 3548 Capite
2552 3491 2687 3531 nos-

273 3552 383 3621 tro,
413 3566 545 3624 quse
571 3545 878 3607 veritatem
905 3565 1070 3607 suam
1091 3547 1350 3607 obtinere
1367 3547 1589 3626 nequit,
1619 3548 1735 3607 nisi
1752 3568 1857 3626 per
1880 3549 2325 3624 conformitatem
2344 3552 2528 3609 nostri
2556 3570 2687 3610 cum

275 3624 424 3702 ipso,
455 3625 532 3685 ad
559 3646 732 3704 quam
774 3634 1080 3705 propterea
1105 3626 1500 3706 predestinati
1539 3647 1759 3704 sumus,
1790 3628 1961 3687 Rom.
1990 3628 2113 3688 viii.
2144 3631 2241 3689 30.
2328 3630 2413 3689 Ut
2436 3648 2556 3687 non
2582 3650 2685 3689 no-

273 3705 430 3765 mine
469 3712 696 3767 tantum
737 3715 798 3769 et
835 3706 1208 3785 professione,
1249 3707 1358 3767 sed
1395 3709 1522 3769 vita
1559 3718 1623 3769 et
1662 3709 1923 3769 moribus
1964 3709 2145 3768 simus
2188 3708 2518 3783 Christiani,
2562 3730 2684 3767 am-

271 3784 530 3845 bulando
569 3786 722 3848 sicut
759 3785 885 3865 ipse
925 3788 1262 3864 ambulavit,
1309 3790 1342 3847 1
1372 3789 1418 3850 J
1420 3790 1515 3850 oh.
1555 3788 1618 3849 ii.
1663 3791 1719 3866 6,
1762 3798 1823 3850 et
1862 3797 1928 3849 ut
1969 3789 2234 3849 Christus
2260 3788 2386 3867 ipse
2424 3788 2487 3847 in
2509 3789 2685 3851 nobis

267 3863 1305 4025 tristissima
1317 3868 2685 4028 'iffifffisszssdfflffi03133332’ffft-3sss

267 4022 642 4104 instituendo,
685 4029 788 4106 qui
827 4048 1041 4089 nomen
1080 4038 1141 4090 et
1179 4030 1428 4091 virtutes
1467 4030 1596 4109 ejus
1636 4029 1971 4109 praedicent,
2017 4031 2050 4088 1
2096 4029 2225 4089 Pet.
2252 4030 2315 4089 ii.
2358 4030 2435 4102 93
2476 4028 2681 4089 Sacer-

265 4106 439 4183 dotes,
481 4107 586 4185 qui
623 4128 867 4187 corpora
925 4128 1036 4171 sua
1091 4110 1152 4169 in
1207 4110 1507 4171 victimam
1547 4111 1847 4171 viventem
1888 4119 1948 4171 et
1990 4116 2249 4169 sanctam
2288 4108 2379 4169 illi
2418 4107 2679 4185 offerant,

268 4182 440 4246 Rom.
483 4187 588 4249 xii.
634 4191 710 4267 13
753 4198 816 4251 et
837 4192 1042 4269 Reges,
1072 4190 1175 4270 qui
1216 4190 1522 4271 imperium
1569 4198 1881 4251 exerceant
1916 4191 1979 4249 in
2024 4188 2306 4250 mundum
2332 4196 2394 4249 et
2418 4189 2681 4267 propriu

263 4266 628 4347 cupiditates,
659 4270 850 4350 Apoc.
875 4270 916 4331 i.
945 4274 1004 4349 6,
1029 4279 1089 4331 et
1105 4292 1164 4333 v.
1188 4273 1284 4333 10.

867 4350 993 4413 XI.
1037 4352 1252 4429 Tertio,
1281 4353 1396 4413 hec
1421 4353 1611 4431 ipsum
1640 4372 1717 4412 ex
1744 4349 2061 4427 Evangelii,
2092 4348 2251 4425 quod
2276 4347 2447 4409 nobis
2472 4369 2683 4445 prope·-

297 4503 310 4517 ‚
783 4432 964 4510 nitur,
993 4432 1190 4493 indole
1219 4432 1570 4495 luculentius
1589 4432 1977 4491 confirmatur.
2062 4428 2209 4489 Cum
2234 4430 2391 4489 enim
2419 4433 2682 4493 decuma

263 4512 340 4565 sit
365 4524 483 4567 non
513 4510 846 4575 Theou-etim
892 4520 1138 4589 tantum,
1183 4534 1315 4592 qnae
1361 4512 1524 4573 inani
1569 4510 1963 4590 speculatione
2009 4517 2263 4570 mentem
2307 4520 2524 4591 pascat,
2576 4512 2681 4573 sed

263 4584 550 4676 βποείοα,
591 4610 724 4685 qum
765 4593 1128 4654 voluntatem
1169 4594 1424 4673 corrigit,
1469 4600 1530 4653 et
1571 4592 1649 4652 ad
1690 4590 1919 4671 praxim
1959 4590 2099 4651 boni
2143 4590 2219 4651 'm
2292 4592 2402 4670 llit,
2432 4614 2679 4673 quaque

265 4662 398 4727 ldeo
429 4668 725 4733 “Veritas
751 4672 1072 4735 secundum
1098 4674 1390 4753 pietatem,
1421 4682 1482 4735 et
1510 4672 1860 4752 Mysterium
1896 4670 2169 4751 pietatis’'
2240 4673 2428 4745 icitur,
2464 4677 2493 4732 1
2526 4674 2677 4733 Tim.

333 4385 674 4448 Evangellnm.
