3234 5192
538 350 657 409 458
1090 369 1169 407 na
1198 368 1678 410 smmi-'Acrioms
1705 368 1944 409 cniusrt
1971 367 2289 409 veen-Ars.
2535 342 2792 427 [msru'r.
2825 366 2956 409 xm.

537 509 729 587 placat
768 506 1047 586 judicem,
1083 510 1179 568 vel
1225 512 1405 569 vitam
1434 530 1595 569 suam
1647 510 1894 585 redimit,
1942 510 2098 568 Psal.
2139 508 2286 565 xlix.
2333 510 2388 582 7,
2432 505 2590 582 quod
2639 508 2950 583 respondet

539 614 609 665 vqs
634 612 721 653 ees
749 589 907 666 quod
955 589 1248 666 significat
1290 592 1686 667 redemptionis
1731 593 1995 667 pretium.
2083 590 2240 646 Hinc
2303 588 2522 662 ἱλασμὸς
2575 587 2803 663 proprie
2859 598 2950 649 est

539 678 704 727 actus
732 668 891 727 illius
920 670 1021 745 qui
1049 671 1293 730 alterum
1322 672 1634 749 propitium
1663 680 1722 730 et
1748 671 2036 749 placatum
2057 668 2266 742 reddit,
2297 666 2440 725 iram
2469 668 2596 745 ejus
2631 670 2948 729 avertendo

541 757 601 808 et
628 748 874 825 gratiam
916 750 1295 810 conciliando,
1386 751 1557 811 Unde
1606 752 1756 810 aries
1803 770 1920 829 quo
1969 748 2312 809 sacrificium
2353 746 2528 806 fiebat
2567 766 2673 823 pro
2709 758 2948 824 peccato

540 838 799 903 vocatur,
834 830 1005 889 Num.
1044 850 1103 888 v.
1134 835 1188 906 8,
1220 836 1349 913 ιςιὸς
1374 834 1603 907 ἱλασμοῦ
1639 832 1791 890 aries
1828 831 2227 908 eapt'ationnm,
2253 835 2311 886 et
2353 826 2478 886 dies
2519 846 2634 903 quo
2670 829 2945 904 propitia-

540 910 625 969 tio
666 928 771 986 pro
798 909 1051 987 peccatis
1076 913 1279 988 populi
1306 912 1529 971 solebat
1562 913 1704 987 fieri,
1740 913 1881 971 ch.
1929 912 2069 986 xvi.,
2101 909 2312 967 dicitur
2339 908 2490 988 ἦμξςι
2517 908 2790 983 ἐξιλκσμοΰ
2830 911 2949 968 dies

536 989 1026 1067 propitiationum,
1061 988 1204 1049 Lev.
1234 992 1401 1050 xxiii.
1434 996 1528 1050 27.
1561 992 1708 1051 Cum
1737 1012 1877 1069 ergo
1907 991 2171 1049 Christus
2198 989 2411 1047 dicitur
2435 990 2654 1065 luo-pez,-
2680 1007 2785 1065 pro
2811 1008 2946 1067 pec·

542 1068 689 1127 catis
714 1070 945 1145 nostris,
988 1072 1097 1128 hoc
1120 1072 1245 1147 ipso
1267 1071 1525 1131 innuitur
1546 1092 1679 1131 eum
1701 1082 1882 1131 morte
1913 1090 2018 1130 sua
2038 1070 2243 1128 fecisse
2263 1067 2541 1146 quicquid
2561 1070 2948 1128 necessarium

539 1158 663 1208 erat
690 1149 765 1207 ad
792 1150 1079 1227 expianda
1104 1160 1343 1228 peccata
1380 1159 1578 1211 nostra
1620 1160 1680 1211 et
1727 1152 1871 1210 iram
1912 1150 2165 1209 numinis
2211 1148 2570 1241 placandam,
2617 1149 2776 1225 quod
2801 1146 2950 1208 nihil

537 1228 697 1289 aliud
718 1238 807 1287 est
834 1248 1008 1306 quam
1034 1231 1324 1307 ipsissima
1350 1251 1521 1308 quam
1552 1233 1864 1310 quaerimus
1887 1230 2218 1291 satisfactio,
2277 1227 2499 1286 Eodem
2515 1229 2766 1305 pertinet
2790 1230 2949 1306 quod

543 1308 761 1368 Paulus
790 1309 947 1386 dicit,
982 1310 1150 1369 Rom.
1180 1311 1261 1369 iii.
1292 1314 1389 1387 25,
1413 1312 1704 1371 Christum
1727 1312 1940 1371 factum
1965 1330 2090 1370 esse
2108 1312 2388 1390 ίλισπίςιον
2409 1326 2512 1385 per
2537 1308 2710 1366 fidem
2733 1309 2792 1366 in
2816 1328 2945 1367 san·

536 1390 713 1466 guine
742 1408 885 1467 suo;
929 1391 1087 1468 quod
1113 1400 1305 1469 potest
1330 1393 1423 1450 vel
1454 1394 1756 1451 masculine
1783 1392 2028 1468 intelligi
2047 1398 2112 1450 ut
2139 1398 2300 1449 notet
2308 1388 2741 1466 propitiatorem
2771 1398 2828 1447 et
2855 1410 2946 1447 re·

536 1471 966 1546 conciliatorem,
1012 1479 1079 1529 ut
1108 1470 1383 1530 Erasmus
1424 1472 1833 1549 interpretatur
1857 1472 1936 1547 id,
1968 1490 2100 1530 eum
2148 1470 2248 1548 qui
2291 1487 2502 1528 munus
2529 1477 2590 1527 et
2615 1468 2736 1526 vim
2773 1470 2948 1529 habet

544 1550 731 1607 Deum
774 1550 1040 1627 placandi
1074 1551 1471 1627 peccatoribus
1500 1571 1605 1610 suo
1637 1552 1934 1628 sanguine,
1965 1552 2062 1610 vel
2089 1550 2436 1624 neutraliter,
2467 1568 2584 1626 quo
2612 1568 2785 1607 sensu
2807 1550 2948 1607 alibi

539 1631 761 1705 ἱλισμὶς
800 1638 859 1687 et
905 1628 1080 1711 λῦτςον
1118 1630 1329 1688 dicitur
1374 1631 1521 1689 illud
1550 1632 1646 1690 cui
1692 1632 1842 1689 inest
1871 1632 2056 1689 virtus
2085 1640 2144 1689 et
2171 1630 2423 1689 efficacia
2453 1629 2644 1687 Deum
2676 1628 2944 1706 placandi

536 1718 597 1767 et
624 1717 859 1785 peccata
886 1708 1176 1786 expiandi.
1210 1710 1307 1767 Sic
1335 1711 1654 1787 respexerit
1683 1711 1891 1787 Apost.
1927 1718 2049 1769 tum
2078 1710 2153 1768 ad
2182 1710 2461 1769 sacrificia
2487 1710 2734 1767 ἕλαατικιὶ
2768 1708 2942 1785 V.'r.‚

538 1808 654 1865 quo
684 1806 857 1847 sensu
884 1808 1020 1847 vere
1041 1788 1151 1848 fuit
1194 1816 1227 1845 ιι
1258 1794 1322 1854 ὡς
1350 1798 1439 1849 τοῦ
1454 1792 1684 1867 ἱλασμοῦ
1700 1792 1848 1849 aries
1875 1790 2248 1868 expiatorius,
2281 1790 2493 1867 Agnus
2521 1790 2666 1849 scili.
2699 1789 2810 1847 Dei
2831 1790 2944 1848 tol·-

536 1868 665 1926 lens
692 1876 929 1945 peccata
954 1868 1174 1943 mundi,
1252 1870 1344 1928 oh.
1374 1871 1413 1928 i.
1444 1874 1538 1945 29,
1570 1880 1695 1930 tum
1721 1870 1800 1928 ad
1827 1870 2014 1947 ipsum
2045 1870 2218 1928 Arcae
2240 1871 2574 1947 operculum
2602 1869 2758 1946 quod
2787 1868 2942 1929 Heb.

540 1968 683 2024 nunu,
714 1948 838 2006 lxx.
880 1966 985 2025 per
1023 1951 1305 2030 “Mn-ustus
1358 1950 1577 2028 im'hpm,
1638 1950 1855 2009 Paulus
1894 1950 2231 2027 simpliciter
2270 1970 2373 2027 per
2399 1952 2679 2029 ἱλιστίςιοι
2733 1949 2942 2025 reddit,

538 2028 692 2087 Heb.
724 2028 805 2087 ix.
826 2032 881 2087 5.
914 2029 1059 2087 Cum
1086 2038 1279 2089 autem
1307 2031 1485 2090 variis
1532 2031 1604 2090 de
1655 2031 1844 2089 causis
1872 2037 2104 2107 tegmen
2153 2029 2300 2088 illud
2349 2030 2521 2088 Areae
2562 2032 2671 2088 hoc
2711 2029 2943 2089 nomine

536 2108 777 2184 veniret,
808 2128 925 2166 non
954 2109 1125 2168 modo
1154 2110 1309 2187 quod
1338 2118 1561 2189 tegeret
1590 2111 1804 2170 Arcam
1835 2110 2067 2169 foederis
2095 2118 2154 2168 et
2181 2110 2410 2169 tabulas
2441 2110 2615 2187 Legis
2643 2110 2704 2167 in
2741 2128 2810 2167 ea
2851 2128 2940 2168 re-

536 2188 816 2265 conditas,
874 2189 950 2247 ad
1004 2189 1441 2267 significandam
1486 2191 1883 2250 remissionem
1937 2199 1997 2249 et
2049 2190 2512 2268 propitiationem
2580 2196 2942 2267 peccatorum

533 2268 916 2327 admissorum
943 2270 1003 2328 in
1036 2270 1147 2328 Dei
1170 2270 1405 2348 Legem,
1438 2272 1541 2329 sed
1568 2272 1742 2329 etiam
1770 2270 1908 2347 quia
1927 2270 2087 2329 Deus
2115 2270 2198 2328 ibi
2225 2290 2286 2328 se
2315 2270 2532 2347 placari
2560 2279 2620 2329 et
2645 2270 2943 2347 propitiari

533 2356 825 2425 pateretur
865 2368 969 2407 suo
1019 2349 1233 2426 populo
1263 2358 1321 2408 et
1348 2351 1599 2426 peccatis
1647 2351 1804 2409 illius
1849 2351 2207 2427 respersione
2250 2350 2547 2427 sanguinis
2575 2350 2940 2409 victimarum

532 2446 662 2504 quae
684 2426 766 2485 ibi
792 2427 917 2485 fieri
939 2428 1162 2487 solebat
1188 2428 1263 2486 ad
1290 2429 1400 2488 hoc
1429 2430 1779 2507 operculum,
1807 2430 1950 2489 Lev.
1973 2430 2098 2489 xvi.
2133 2432 2223 2503 14,
2255 2438 2314 2488 et
2341 2429 2496 2505 quod
2523 2438 2943 2505 consequenter

532 2526 594 2565 se
634 2506 946 2583 propitium
975 2516 1034 2567 et
1060 2508 1351 2586 placatum
1394 2528 1463 2568 ac
1505 2510 1670 2568 velut
1717 2510 1926 2569 throno
1966 2510 2166 2587 gratias
2211 2508 2554 2583 insidentem
2582 2526 2689 2566 suo
2722 2507 2938 2584 populo

530 2587 865 2663 exhiberet3
925 2606 1041 2645 non
1084 2588 1293 2645 mirum
1343 2589 1393 2647 si
1422 2589 1759 2667 Apostolus,
1817 2608 2027 2648 nomen
2079 2588 2278 2665 figurae
2328 2596 2386 2645 et
2439 2588 2658 2645 umbrae
2711 2588 2938 2663 corpori

532 2666 844 2742 reddendO,
872 2667 1163 2727 Christum
1192 2670 1471 2750 fumigan
1506 2670 1674 2729 dixit.
1719 2670 1784 2728 Is
1827 2670 1980 2728 enim
2029 2676 2116 2726 est
2143 2667 2368 2744 proprie
2396 2666 2496 2743 qui
2521 2667 2672 2743 legIs
2700 2684 2936 2725 accusa-

532 2746 749 2806 tionem
766 2756 835 2806 ·et
860 2756 1225 2825 peccatorum
1254 2762 1581 2809 nostrorum
1602 2758 1824 2809 reatum
1845 2750 2074 2828 justitia
2091 2766 2194 2806 sua
2221 2747 2636 2825 perfectissima
2661 2746 2932 2823 tegendo,

532 2846 709 2905 seque
766 2828 919 2887 inter
959 2828 1109 2906 legis
1156 2829 1399 2889 fulmina
1441 2837 1501 2889 et
1530 2830 1642 2888 Dei
1683 2829 1901 2907 judicis
1941 2830 2300 2905 majestatem
2353 2826 2606 2885 medium
2656 2826 2932 2902 sistendo,

530 2908 843 2986 propitium
890 2908 1059 2968 nobis
1110 2918 1169 2969 et
1214 2908 1531 2969 favorabile
1578 2928 1794 2969 numen
1841 2908 2094 2968 reddidit
2137 2915 2309 2986 atque
2357 2908 2439 2967 ita
2484 2905 2934 2966 misericordiam

532 3006 707 3065 supra
724 2988 1030 3066 judicium,
1061 2991 1428 3068 evangelium
1484 3010 1660 3068 supra
1706 2990 1923 3068 Legem
1973 2988 2216 3065 extulit;
2262 2986 2742 3066 quemadmodum
2772 3006 2935 3065 oper-

532 3068 725 3127 culum
774 3069 922 3128 illud
966 3070 1193 3129 tabulas
1242 3072 1418 3149 Legis
1466 3071 1703 3148 tegebat
1731 3078 1789 3129 et
1817 3068 2071 3129 medium
2100 3078 2224 3127 erat
2251 3068 2402 3127 inter
2443 3068 2661 3145 Legem
2705 3086 2832 3145 quae
2873 3068 2935 3125 in

530 3148 689 3206 Arca
716 3158 839 3207 erat
866 3150 1117 3225 reposita
1142 3158 1203 3209 et
1230 3151 1341 3210 Dei
1382 3152 1744 3229 majestatem
1773 3170 1902 3227 quae
1939 3150 2000 3206 in
2045 3148 2236 3207 medio
2265 3148 2719 3207 cherubinorum
2749 3164 2810 3206 se
2839 3166 2937 3224 pa·

528 3226 853 3285 tefaciebat.
941 3228 1165 3287 Rursus
1194 3230 1245 3288 is
1282 3240 1371 3290 est
1396 3232 1497 3308 qui
1540 3231 1871 3308 aspersione
1901 3228 2202 3306 sanguinis
2231 3230 2322 3287 sui
2351 3227 2478 3307 (qui
2521 3227 2654 3287 ideo
2699 3228 2936 3305 sanguis

530 3312 795 3385 ῥαντισμοῦ
840 3306 1068 3382 dicitur,
1116 3309 1268 3368 Heb.
1314 3310 1465 3390 xii.,)
1496 3310 1649 3370 facta
1695 3310 1926 3387 plenam
1955 3310 2124 3367 nobis
2151 3308 2540 3386 expiationem
2569 3307 2724 3386 apud
2747 3308 2937 3366 Deum

530 3385 797 3445 obtinuit.
857 3386 919 3445 Is
946 3386 1195 3465 denique
1241 3389 1301 3447 in
1347 3410 1462 3466 quo
1491 3392 1762 3450 thronum
1811 3390 2012 3467 gratiae
2034 3389 2110 3447 ad
2151 3404 2322 3466 quem
2351 3388 2623 3447 accedere
2644 3388 2934 3465 jubemur,

530 3464 684 3523 Heb.
716 3466 793 3525 iv.
830 3466 921 3542 16,
950 3474 1011 3526 et
1036 3467 1101 3525 in·
1125 3488 1239 3545 quo
1268 3488 1329 3528 se
1358 3470 1525 3530 nobis
1552 3472 1843 3548 placatum
1872 3478 1930 3529 et
1957 3469 2270 3547 propitium
2297 3468 2550 3543 exhibet,
2573 3468 2745 3545 erigit
2776 3468 2936 3526 Deus

527 3548 565 3603 2
590 3544 719 3605 Cor.
744 3566 800 3605 v.
838 3549 929 3605 19.
1014 3547 1163 3623 Quia
1190 3568 1329 3609 vero
1356 3549 1502 3610 illud
1530 3570 1698 3610 omne
1727 3568 1842 3609 non
1871 3550 2040 3609 aliter
2079 3550 2204 3607 fieri
2252 3549 2440 3627 potuit
2478 3566 2650 3626 quam
2679 3546 2938 3625 plenaria

528 3624 707 3703 Legis
734 3628 1066 3703 impletione
1096 3638 1154 3689 et
1180 3648 1475 3707 poenarum
1507 3632 1581 3689 ab
1609 3650 1679 3691 ea
1707 3630 2178 3689 denunciatamm
2209 3629 2594 3706 perpessione,
2625 3628 2756 3687 ideo
2783 3628 2934 3685 Iue-

524 3708 679 3788 nigm
724 3700 938 3767 «ficitur
980 3709 1039 3768 in
1084 3712 1357 3787 sanquine
1371 3736 1395 3783 ;
1440 3712 1638 3789 Atque
1683 3712 1818 3769 hinc
1866 3702 2286 3767 validissimum
2337 3726 2440 3783 pro
2475 3709 2720 3767 veritate
2767 3708 2934 3766 satis·

526 3786 793 3846 factionis
842 3788 1137 3867 colligitur
1182 3801 1601 3868 argumentum,
1637 3790 1699 3848 Is
1727 3790 1880 3848 enim
1926 3789 2026 3865 qui
2068 3804 2174 3865 pro
2218 3786 2386 3845 nobis
2429 3787 2491 3845 id
2541 3788 2694 3865 apud
2746 3788 2935 3846 Deum

526 3876 797 3945 operatur
822 3878 889 3928 ut
917 3869 1013 3946 qui
1043 3871 1202 3948 prius
1231 3871 1412 3931 iratus
1440 3870 1550 3929 fuit
1576 3870 1721 3928 iram
1751 3870 2002 3945 deponat
2031 3879 2090 3926 et
2119 3866 2288 3926 nobis
2323 3865 2586 3943 placetur
2629 3876 2688 3927 et
2735 3878 2934 3926 recon-

524 3947 768 4024 cilietur,
806 3948 1079 4009 Servator
1106 3959 1197 4009 est
1222 3951 1426 4009 merito
1474 3958 1537 4009 et
1576 3964 1695 4008 n‘on
1739 3948 2006 4024 exemplo
2049 3954 2291 4021 tantum,
2323 3964 2457 4004 nam
2505 3948 2607 4024 qui
2654 3968 2761 4005 nos
2810 3947 2936 4005 solo

524 4030 795 4107 exemplo
822 4040 1017 4089 servat
1044 4050 1159 4088 non
1188 4050 1332 4107 opus
1360 4037 1450 4089 est
1476 4037 1541 4089 ut
1568 4028 1790 4107 aliquid
1819 4026 2028 4087 efficiat
2065 4026 2220 4104 apud
2249 4026 2456 4102 Deum,
2489 4028 2594 4086 sed
2620 4035 2844 4087 tantum
2871 4034 2940 4085 ut

524 4126 759 4187 operam
790 4130 953 4169 suam
980 4109 1277 4187 impendat
1303 4118 1363 4168 et
1390 4117 1632 4186 occupet
1659 4109 1813 4167 circa
1839 4108 2118 4181 homines,
2149 4106 2482 4184 exemplum
2523 4109 2674 4165 enim
2716 4106 2792 4165 ad
2830 4108 2934 4165 ho·

466 4216 475 4225 ·
520 4190 709 4248 mines
736 4191 988 4267 pertinet
1012 4208 1131 4250 non
1169 4190 1245 4247 ad
1274 4190 1501 4265 Deum3
1548 4189 1636 4247 At
1677 4188 1941 4247 Christus
1969 4186 2030 4245 id
2057 4184 2232 4246 efficit
2278 4187 2430 4264 apud
2477 4186 2708 4247 Patrem
2751 4196 2936 4245 morte

524 4288 628 4327 sua
648 4280 713 4329 ut
734 4272 820 4329 ira
848 4270 1111 4348 deposita
1136 4270 1305 4329 nobis
1332 4270 1751 4345 reconcilietur,
1781 4288 1888 4327 nec
1911 4268 2158 4345 amplius
2186 4286 2294 4327 nos
2321 4275 2388 4327 ut
2413 4268 2566 4326 filios
2605 4269 2706 4326 iroe
2735 4267 2936 4345 quales

520 4368 749 4409 eramus
798 4359 1019 4427 natura,
1072 4351 1175 4409 sed
1228 4356 1297 4410 ut'
1348 4350 1591 4411 dilectos
1640 4347 1794 4409 filios
1839 4348 2110 4427 respiciat
2157 4357 2218 4407 et
2265 4348 2660 4427 amplectatur,
2689 4346 2756 4406 E.
2803 4346 2934 4405 Ser-

522 4438 691 4486 vator
716 4438 809 4488 est
834 4450 952 4489 non
980 4432 1247 4511 exemplo
1276 4440 1517 4508 tantum,
1550 4432 1654 4491 sed
1683 4440 1740 4491 et
1767 4430 1974 4489 merito
2001 4438 2064 4488 et
2083 4422 2352 4488 efficacia.

604 4506 873 4569 XLVII.
908 4508 1024 4569 Hic
1052 4530 1191 4570 vero
1220 4521 1561 4589 responsant
1587 4512 1904 4571 adversarii
1928 4533 1944 4569 ς
1979 4512 2056 4569 1⁰.
2087 4506 2612 4568 Reconciliationem
2639 4508 2790 4566 hanc
2817 4524 2934 4564 non

522 4586 645 4643 fieri
672 4602 777 4663 per
802 4588 903 4646 irae
924 4588 1139 4648 divinoe
1160 4609 1194 4648 a
1220 4592 1389 4651 nobis
1417 4592 1796 4669 aversionem,
1823 4590 1926 4650 sed
1953 4610 2057 4667 per
2083 4598 2337 4648 nostram
2368 4588 2444 4645 ad
2475 4588 2662 4645 Deum
2693 4604 2932 4646 conver-

521 4665 757 4741 sionem,
788 4668 926 4742 quia
954 4688 1245 4744 nunquam
1288 4671 1505 4747 legitur
1546 4672 1607 4729 in
1657 4672 1955 4747 Scriptura
2001 4670 2190 4727 Deum
2235 4668 2404 4726 nobis
2449 4666 2808 4725 reconciliari
2837 4666 2934 4725 vel
