3234 5192
555 359 631 416 38
1339 375 1418 416 ns
1447 375 1811 416 necessum
1840 373 2186 415 secessronn
2610 346 2870 426 [meror.
2900 367 2965 406 ιι.

557 513 917 591 apponimus,
949 514 1010 572 id
1049 515 1218 574 nobis
1263 515 1423 576 Deus
1465 525 1569 590 est,
1613 516 1770 576 unde
1798 515 1979 591 avari,
2008 514 2146 592 quia
2172 510 2393 570 divitiis
2420 505 2623 580 fidunt,
2656 506 2840 582 iisque
2866 526 2970 566 cor

560 613 727 652 suum
771 603 1085 672 apponunt,
1116 595 1386 654 dicuntur
1427 597 1763 669 idololatras,
1798 596 1947 672 Eph.
1977 615 2035 652 v.
2067 596 2142 666 5.,
2166 600 2225 650 et
2261 591 2332 650 iis
2357 590 2517 646 Deus
2536 587 2831 644 Mammon
2858 593 2966 660 est,

560 674 771 732 Matth.
801 675 880 731 vi.
911 678 1008 732 24.
1093 675 1420 751 Omnesque
1461 674 1755 749 mundani,
1786 675 1886 751 qui
1928 674 2101 732 rebus
2142 669 2496 730 secularibus
2530 675 2589 724 et
2616 665 2857 724 terrenis
2885 665 2969 724 af-

555 753 662 810 fixi
691 763 842 826 sunt,
875 755 1124 812 adulteri
1147 754 1432 828 dicuntur,
1464 756 1505 814 J
1509 775 1631 812 aco,
1663 755 1740 811 iv.
1772 759 1827 812 4.
1871 753 1931 811 A
1956 754 2082 810 Deo
2100 751 2253 810 enim
2272 757 2491 807 certum
2510 753 2599 804 est
2620 765 2717 802 cor
2736 746 2863 820 ejus
2880 764 2967 802 re-

555 833 776 907 cedere,
799 833 899 909 qui
919 833 979 890 in
997 843 1256 891 creatura
1277 833 1544 892 fiduciam
1566 833 1746 910 ponit,
1770 835 1813 892 J
1817 853 1896 891 er.
1918 832 2061 890 xvii.
2086 835 2140 890 5.
2162 828 2406 888 Fiducia
2426 825 2615 885 cordis
2632 824 2976 916 sacrificium

559 922 668 971 est.
701 913 808 970 Cui
857 912 1213 985 confidimus,
1247 913 1300 970 ei
1323 912 1730 984 sacrificamus,
1760 912 1980 970 Habac.
2009 912 2047 970 i.
2084 913 2173 969 16.
2221 908 2392 968 Unde
2414 913 2567 964 recte
2587 905 2765 962 Basil.
2790 923 2849 960 m
2875 903 2972 962 Ps.

560 991 722 1064 xvii„
745 989 906 1068 dis-mg
933 987 1035 1048 οὐδὲ
1062 991 1213 1056 σέβω
1239 989 1426 1050 aazia
1455 995 1597 1072 παρὰ
1614 1018 1693 1050 τοι
1718 994 1829 1050 θἰὶυ
1854 998 2100 1071 πςοσῆκιν,
2126 990 2272 1054 ὅντως
2298 985 2403 1046 ουδι
2431 990 2511 1044 επὶ
2532 981 2693 1044 ἂλλον
2714 983 2923 1058 ἱλπιζω
2942 981 2979 1051 ἢ

563 1075 644 1128 1πὶ
685 1095 765 1126 του
809 1072 917 1128 θιὶν
942 1095 1035 1127 τοι
1061 1071 1255 1128 πάντων
1293 1074 1480 1150 Κῦςιον.
1532 1074 1604 1128 Ut
1642 1073 1891 1129 nonlicet
1922 1075 2102 1129 colere
2128 1071 2290 1127 aliud
2304 1075 2522 1143 proeter
2542 1068 2745 1136 Deum,
2770 1064 2850 1120 ita
2877 1083 2979 1122 nec

561 1168 798 1224 sperare
825 1150 883 1206 in
911 1151 1152 1224 aliquem
1171 1160 1558 1227 praeterquam
1585 1151 1644 1210 in
1672 1154 1860 1210 Deum
1887 1151 2126 1208 omnium
2158 1149 2483 1206 Dominum.
2568 1145 2701 1202 Hoc
2728 1162 2844 1200 non
2864 1142 2975 1200 dif-

567 1229 766 1286 fitetur
787 1231 1006 1286 Bellar.
1051 1229 1123 1286 de
1169 1229 1398 1290 Christo
1439 1230 1540 1290 lib.
1570 1232 1608 1290 i.
1654 1253 1704 1289 c.
1736 1234 1810 1290 5:
1891 1232 1965 1288 In
2007 1228 2315 1303 Scripturis
2348 1226 2565 1300 passim
2606 1224 2664 1281 in
2682 1225 2801 1281 solo
2842 1224 2971 1280 Deo

562 1309 945 1386 confidendum
965 1329 1079 1368 esse
1101 1309 1321 1383 dieitur,
1339 1311 1465 1369 Jer.
1487 1311 1650 1384 xvii„
1676 1320 1735 1369 et
1750 1311 1885 1368 hinc
1907 1316 2059 1366 recte
2077 1307 2282 1384 probat
2312 1306 2595 1364 Christum
2622 1322 2737 1361 csse
2763 1304 2968 1376 Deum,

561 1388 834 1464 quoniam
863 1388 936 1446 de
965 1409 1033 1448 eo
1063 1389 1338 1464 scriptum
1367 1399 1471 1464 est,
1503 1392 1715 1448 Psalm.
1747 1391 1806 1447 ii.
1888 1389 2064 1448 Beati
2086 1387 2184 1462 qui
2206 1387 2488 1464 confidunt
2514 1384 2571 1440 in
2599 1403 2679 1440 e0.
2926 1459 2940 1472 .

645 1467 833 1526 XIII.
881 1468 1153 1526 Exterior
1193 1468 1382 1526 cultus
1415 1469 1540 1526 Deo
1577 1468 1809 1527 debitus
1844 1467 2178 1526 adoratione
2206 1475 2264 1524 et
2288 1465 2547 1524 seruitute
2574 1461 2753 1537 vulgo
2780 1480 2972 1535 expri-

561 1547 754 1606 mitur.
789 1547 1049 1622 Utraque
1079 1567 1218 1604 vcro
1250 1548 1376 1604 Deo
1407 1547 1532 1618 soli,
1553 1555 1616 1603 ut
1654 1547 1960 1622 peculiaris
1986 1555 2046 1603 et
2072 1545 2318 1621 proprie,
2349 1549 2695 1612 reservatur,
2740 1559 2871 1597 nam
2900 1539 2975 1598 de

565 1626 843 1682 creaturis
886 1625 1112 1700 dicitur,
1147 1625 1338 1682 Exod.
1374 1645 1476 1682 xx,
1509 1628 1562 1699 5,
1607 1627 1745 1683 Non
1792 1626 2059 1682 adorabis
2086 1645 2181 1682 eas
2208 1643 2381 1699 neque
2428 1625 2586 1694 coles,
2619 1620 2690 1676 de
2724 1619 2849 1676 Deo
2876 1639 2979 1677 au-

561 1713 697 1777 tem,
729 1705 1036 1762 Dominum
1077 1714 1232 1762 tuum
1258 1704 1542 1778 adorabas,
1573 1704 1729 1779 eique
1762 1705 1871 1762 soli
1891 1705 2109 1777 servies,
2143 1703 2352 1762 Matth.
2384 1702 2462 1759 iv.
2498 1703 2589 1757 10.
2676 1698 2794 1757 Ubi
2822 1700 2977 1756 Mal-

563 1785 732 1841 dona.
780 1783 839 1839 in
880 1783 938 1840 h.
967 1783 1007 1840 1.
1039 1792 1096 1841 et
1123 1784 1379 1842 Jansem‘.
1411 1787 1669 1842 concord.
1699 1785 1922 1858 Evanq.
1954 1804 2004 1842 c.
2040 1786 2131 1840 15.
2181 1782 2328 1840 bene
2373 1782 2684 1839 observant
2726 1777 2975 1835 exclusi-

561 1881 696 1919 vum
721 1865 900 1920 solum
926 1881 1043 1920 non
1071 1862 1146 1920 ad
1173 1862 1482 1920 secundam
1511 1871 1753 1936 tantum,
1784 1863 1889 1922 sed
1916 1873 1974 1921 et
2000 1861 2075 1920 ad
2104 1862 2344 1938 primam
2372 1869 2591 1936 partem
2618 1856 2978 1914 referendam

561 1960 706 2016 esse,
738 1941 882 1998 alias
911 1941 1206 2000 Tentatori
1235 1941 1625 2002 adorationem
1656 1943 1969 2019 postulanti
1998 1941 2189 1999 minus
2217 1951 2349 2016 apte
2371 1937 2759 2014 respondisset
2782 1936 2976 1994 Chris-

565 2027 679 2078 tuS.
754 2019 925 2080 Unde
964 2021 1072 2080 etsi
1101 2041 1136 2078 a
1166 2021 1331 2079 Mose
1361 2041 1475 2080 non
1505 2022 1580 2080 sit
1609 2042 1885 2098 expressa
1910 2025 2157 2092 αὖτολιξιὶ
2184 2019 2460 2096 implicite
2486 2027 2677 2076 tamen
2706 2024 2765 2072 et
2792 2015 2973 2073 virtu-

564 2099 733 2158 aliter
774 2100 1114 2174 continetur,
1146 2109 1268 2158 tum
1311 2101 1371 2158 in
1401 2121 1575 2177 scopo
1606 2101 1809 2176 Mosis,
1840 2103 1941 2179 qui
1963 2111 2052 2159 est
2080 2101 2188 2160 soli
2218 2099 2345 2157 Deo
2375 2097 2593 2156 cultum
2622 2095 2975 2171 religiosum,

565 2179 818 2238 exclusis
841 2179 968 2238 Diis
989 2180 1256 2238 omnibus
1283 2180 1504 2255 alieniS,
1528 2182 1841 2254 vindicare,
1874 2191 1995 2240 tum
2024 2201 2099 2238 ex
2128 2188 2332 2237 natura
2354 2175 2599 2252 subjecti
2629 2174 2699 2233 de
2721 2193 2837 2249 quo
2854 2174 2979 2250 agi-

563 2266 660 2316 tur
699 2259 932 2334 ibidem,
977 2279 1106 2336 quae
1135 2261 1286 2318 enim
1319 2261 1445 2318 Deo
1473 2261 1891 2338 reduplicative
1918 2270 1984 2319 ut
2015 2261 2140 2318 Deo
2168 2259 2466 2331 debentur,
2498 2255 2599 2312 illa
2626 2255 2735 2312 soli
2762 2253 2977 2311 deben-

563 2344 676 2412 tur,
701 2358 832 2396 cum
855 2358 970 2414 quo
998 2339 1159 2396 nulla
1186 2347 1448 2397 creatura
1467 2339 1530 2396 in
1559 2341 1891 2398 societatem
1912 2338 2267 2397 adorationis
2293 2357 2352 2394 se
2376 2337 2623 2411 jungere
2642 2343 2833 2410 potest
2855 2333 2979 2392 sine

567 2417 888 2492 sacrilegio,
934 2417 1096 2474 nulla
1150 2416 1378 2475 admitti
1427 2419 1550 2476 sine
1595 2419 1939 2478 idololatria.
2052 2419 2173 2476 Nec
2208 2417 2322 2474 alia
2364 2416 2457 2473 hic
2502 2423 2759 2472 veterum
2793 2432 2975 2472 mens.

563 2496 821 2552 Juste‘nus
847 2495 1013 2570 Apol.
1045 2496 1102 2554 ἱὶ.
1131 2498 1239 2552 θἰὶι
1263 2497 1350 2569 μὶν
1375 2497 1512 2570 μόνον
1547 2506 1917 2576 πςοσκυνοῢμυ,
1952 2503 2064 2570 ὑμῖν
2091 2495 2140 2554 δι
2166 2501 2287 2576 πςὶς
2314 2495 2384 2554 ταί
2404 2493 2555 2552 eiiam
2574 2495 2819 2576 xae'gornc
2850 2497 2975 2556 ὑπη-

567 2581 804 2652 gur-33⁸2,
849 2595 948 2632 nos
987 2578 1166 2632 solum
1208 2578 1395 2632 Deum
1437 2579 1763 2650 adoramus,
1808 2587 1861 2634 et
1894 2579 2043 2634 vobis
2082 2579 2138 2634 in
2184 2578 2345 2634 rebus
2388 2576 2517 2632 aliis
2546 2577 2658 2632 loeti
2689 2574 2975 2631 sert-lmus.

569 2653 834 2711 Ecclesia
866 2653 1234 2726 smyrnensis
1251 2654 1405 2728 apud
1447 2655 1784 2730 Eusebium,
1808 2655 1909 2713 lib.
1940 2657 2019 2713 iv.
2052 2675 2100 2712 c.
2136 2659 2249 2730 15.,
2282 2657 2341 2712 in
2372 2655 2682 2730 Polycarpi
2708 2652 2981 2727 martyris

566 2733 711 2791 actis
741 2751 802 2790 se
831 2732 1124 2791 Christum
1154 2732 1266 2790 Dei
1295 2732 1509 2792 Filium
1538 2753 1656 2792 una
1682 2753 1811 2792 cum
1844 2735 2015 2792 Patre
2044 2736 2232 2792 colere
2260 2734 2535 2811 professa,
2569 2741 2743 2809 negat
2780 2739 2979 2790 exerte

565 2832 625 2870 se
661 2831 978 2888 quenquam
1005 2813 1180 2870 alium
1209 2815 1389 2870 colere
1409 2833 1590 2887 posse.
1676 2813 1887 2890 Epiph.
1931 2813 2132 2872 haereS.
2164 2816 2259 2872 69.
2342 2814 2556 2872 Sancta
2582 2813 2700 2870 Dei
2724 2811 2983 2870 Ecclesia

566 2901 886 2949 creaturam
917 2911 1028 2950 non
1056 2895 1282 2950 adorat.
1355 2891 1587 2969 Origen.
1618 2902 1817 2951 contra
1846 2893 2095 2966 Celsum,
2126 2892 2224 2952 lib.
2256 2893 2314 2966 i.,
2348 2893 2639 2951 Christum
2667 2891 2748 2948 ait
2776 2891 2982 2948 docere

565 2996 645 3028 τοι
671 2976 752 3030 επὶ
781 2977 908 3029 πᾶσι
925 2973 1034 3028 θεὸν
1057 2971 1195 3045 μόνον
1221 2967 1312 3029 δαν
1333 2972 1499 3047 vvisun,
1529 2993 1803 3030 summum
1830 2975 2017 3032 Deum
2036 2975 2211 3032 solum
2235 2981 2493 3048 oportere
2513 2974 2710 3029 cole-re.
2755 2970 2975 3027 Athen.

567 3060 720 3108 cont.
752 3051 1004 3110 Arianos
1032 3051 1107 3109 ad
1136 3051 1512 3129 Adolphium‚
1549 3079 1604 3110 ου
1630 3053 1823 3128 κτίσμα
1866 3060 2232 3132 amonim-r,
2264 3073 2375 3111 non
2415 3055 2726 3109 adoramus
2753 3058 2977 3106 creatu-

566 3149 714 3203 ram,
757 3130 901 3187 abse‘t
939 3131 996 3187 in
1037 3132 1305 3188 Etlmicos
1345 3141 1398 3188 et
1437 3132 1687 3190 Arianos
1720 3135 1871 3190 istud
1900 3135 2159 3190 delirium
2200 3131 2471 3207 competit.
2558 3129 2713 3186 Hinc
2755 3137 2983 3188 veteres

569 3208 822 3266 Arianos
863 3207 1202 3267 idololatriae
1245 3209 1672 3283 insimulabant,
1704 3231 1772 3268 eo
1812 3211 1970 3286 quod
2012 3211 2315 3268 adorarent
2345 3209 2652 3279 Christum,
2684 3225 2855 3281 quem
2895 3217 2982 3266 ta-

566 3306 700 3345 men
728 3287 1003 3346 volebant
1031 3307 1158 3346 esse
1186 3296 1503 3346 creaturam
1531 3297 1592 3346 et
1618 3309 1839 3346 merum
1868 3288 2175 3346 hominem.

649 3365 831 3424 XIV.
876 3367 1017 3439 Quoe
1059 3375 1250 3424 autem
1293 3375 1384 3423 est
1425 3365 1777 3424 adorationis
1804 3365 1967 3439 ratic,
1998 3367 2197 3423 eadem
2228 3365 2500 3439 reliqiosoe
2524 3363 2817 3437 servitutis,
2848 3383 2981 3441 quae

567 3447 692 3503 Deo
735 3444 843 3503 soli
872 3445 1215 3519 vindicatur,
1251 3448 1303 3502 1.
1339 3445 1492 3503 Sum.
1536 3445 1636 3502 vii.
1682 3448 1756 3518 3.,
1790 3445 1957 3502 Matt.
1988 3444 2067 3503 iv.
2102 3447 2195 3502 10.
2278 3444 2585 3502 Dominum
2613 3445 2797 3501 Deum
2828 3453 2985 3506 tuum

566 3524 852 3596 adorabis,
885 3534 938 3582 et
964 3525 1049 3582 illi
1071 3525 1180 3582 soli
1201 3524 1424 3583 servies.
1511 3523 1608 3582 Ad
1628 3524 1777 3582 hanc
1799 3532 1990 3582 autem
2019 3523 2167 3580 varii
2196 3530 2359 3581 actus
2386 3522 2691 3598 pertinent,
2729 3527 2781 3582 1.
2805 3525 2974 3584 Invo-

567 3603 729 3661 catio.
761 3606 816 3660 2.
849 3604 977 3661 Voti
993 3604 1347 3679 nuncupatio.
1379 3607 1436 3662 3.
1478 3604 1809 3662 Juramenti
1844 3604 2143 3678 conceptio.
2185 3607 2241 3662 4.
2290 3603 2649 3662 consecratio
2690 3604 2979 3678 altarium,

569 3684 896 3759 templorum
943 3691 996 3740 et
1007 3685 1305 3758 festorum.
1354 3687 1409 3740 5.
1457 3685 1837 3762 Thurag'ficatiO,
1868 3683 1967 3759 qui
1996 3703 2195 3744 omnes
2224 3683 2299 3742 ad
2329 3683 2516 3741 Deum
2562 3683 2643 3741 ita
2670 3684 2977 3760 pertinent,

567 3770 633 3820 ut
673 3761 748 3820 ad
789 3760 1030 3819 alterum
1063 3762 1184 3820 sine
1209 3763 1444 3821 crimine
1472 3764 1769 3822 transferri
1795 3773 2101 3840 nequeant.
2148 3767 2223 3821 1⁰·
2253 3764 2665 3822 Invocationem
2692 3762 2767 3820 ad
2796 3762 2983 3820 solum

568 3840 758 3900 Deum
799 3839 990 3916 dirigi,
1016 3848 1075 3898 et
1113 3849 1461 3918 praeceptum
1504 3843 1633 3917 Dei,
1682 3843 1835 3902 Psal.
1878 3844 1919 3901 l.
1966 3846 2057 3918 15,
2090 3851 2149 3902 et
2175 3843 2357 3902 oratio
2388 3843 2708 3916 Dominice,
2738 3861 2867 3918 quae
2909 3840 2985 3898 ad

565 3939 744 3976 unum
778 3919 966 3978 Deum
1007 3938 1114 3976 nos
1155 3930 1405 3994 revocat,
1451 3922 1681 3982 abunde
1722 3923 1949 3981 docent.
2036 3923 2119 3982 Ut
2154 3942 2290 3980 sane
2318 3922 2417 3980 ille
2447 3923 2603 3980 solus
2631 3929 2823 3998 potest
2850 3939 2978 3980 esse

566 3999 856 4076 objectum
900 3997 1301 4075 invocationis,
1345 4000 1446 4075 qui
1494 4010 1584 4059 est
1626 4002 1781 4076 fidei,
1826 4005 2104 4076 quomodo
2152 4002 2485 4059 invocabunt
2522 4022 2662 4074 eum,
2707 4002 2765 4058 in
2813 4019 2979 4074 quem

565 4098 678 4137 non
719 4078 1119 4136 erediderunt!
1163 4077 1314 4135 Rom
1341 4098 1402 4136 x.
1437 4081 1530 4137 14.
1577 4079 1687 4137 Ille
1730 4080 1887 4138 solus
1928 4087 2119 4156 potest
2159 4080 2415 4137 invocari
2444 4080 2719 4154 legitime,
2748 4079 2850 4154 qui
2878 4098 2981 4155 po-

565 4165 681 4216 test
721 4157 1015 4232 exaudire,
1077 4155 1174 4214 Ps.
1224 4156 1348 4214 le.
1400 4161 1456 4228 2,
1497 4160 1553 4215 3.
1661 4158 1740 4217 Et
1792 4177 1924 4218 cum
1980 4158 2319 4216 sacrificium
2376 4158 2451 4216 sit
2499 4159 2765 4216 omnibus
2808 4156 2978 4216 heca-

565 4235 780 4294 tombis
806 4236 980 4314 longe
1009 4236 1392 4312 praestantius,
1427 4235 1522 4294 Ps.
1545 4235 1604 4309 1.,
1636 4239 1727 4310 13,
1764 4240 1854 4312 14,
1891 4239 1982 4310 15,
2012 4245 2080 4296 ut
2106 4238 2447 4296 sacrificium
2474 4237 2705 4296 nonnisi
2732 4238 2775 4295 J
2779 4236 2981 4296 ehovae

567 4311 760 4370 offerri
787 4316 991 4390 potuit,
1027 4315 1214 4373 Exod.
1245 4315 1390 4372 xxii.
1422 4317 1538 4388 20„
1570 4315 1654 4374 ita
1680 4335 1787 4374 nec
1816 4317 2021 4374 orati0.
2078 4320 2133 4374 2·
2176 4318 2319 4375 Vota
2346 4316 2457 4376 soli
2486 4317 2613 4374 Deo
2640 4333 2976 4392 nuncupan-

567 4391 643 4447 da
671 4409 814 4462 esse,
839 4401 898 4450 et
923 4391 1230 4470 Scripturae
1252 4394 1579 4469 auctoritas,
1627 4395 1724 4453 Ps.
1752 4395 1939 4452 lxxvi.
1970 4398 2080 4468 11.,
2107 4395 2221 4454 Isa.
2242 4396 2364 4454 xix.
2386 4400 2502 4470 21„
2536 4395 2691 4454 Psal.
2720 4395 2759 4453 1.
2795 4399 2887 4462 15,
2918 4403 2979 4455 et

563 4469 764 4606 praxis
810 4471 1148 4530 Sanctorum
1187 4475 1418 4546 evincit,
1457 4474 1605 4534 Gen.
1646 4475 1854 4532 xxviii.
1877 4477 1971 4550 20,
2018 4475 2190 4534 Num.
2222 4476 2343 4533 xxi.
2374 4481 2430 4550 2,
2487 4478 2514 4532 1
2546 4475 2700 4532 Sem.
2730 4474 2769 4533 i.
2800 4478 2895 4548 21,
2920 4484 2980 4535 et

608 4568 675 4606 oc
702 4556 818 4606 tam
849 4569 1050 4606 verum
1079 4559 1182 4626 est,
1213 4562 1280 4612 ut
1307 4555 1528 4612 Bellar.
1557 4553 1681 4631 ipse
1704 4574 1819 4614 non
1842 4554 2093 4633 potuerit
2118 4555 2365 4628 diffiteri,
2411 4553 2513 4613 sed
2530 4554 2741 4612 misero
2762 4553 2980 4631 effugio

562 4635 803 4690 conatur
823 4627 974 4688 elabi
995 4630 1085 4688 lib.
1097 4629 1176 4687 iii.
1197 4632 1465 4692 deSanct.
1489 4653 1540 4691 c.
1561 4634 1854 4714 9,·scilicet
1883 4638 1919 4669 ‘⁴
1937 4654 2069 4694 cum
2088 4633 2473 4692 scriberentur
2494 4633 2821 4710 Scripturas,
2836 4653 2979 4692 non-
