3234 5192
299 363 528 406 msru'r.
561 338 652 424 v.]
1060 358 1138 398 ns
1167 356 1383 399 ‘ramus
1412 359 1692 401 'rss’rmus
1720 360 2109 403 coemsrmua
2600 346 2719 405 303

301 504 474 563 modo
504 503 678 563 debet
733 500 932 578 accipi,
985 501 1216 578 quando
1270 500 1456 559 tribus
1496 501 1558 558 in
1587 502 1732 560 coelo
1774 503 2022 561 testibus
2075 504 2170 562 hic
2198 502 2543 567 vindicatur.
2630 506 2717 568 At

303 586 465 643 Patri
493 593 553 643 et
591 582 746 641 Filio
774 580 950 641 tribui
976 580 1204 657 proprie
1231 600 1348 638 non
1375 589 1594 657 negant
1620 580 1954 657 adversarii,
2005 591 2064 641 et
2092 584 2472 645 clarissimum
2523 595 2614 646 est
2640 608 2717 646 ex

305 666 350 724 J
352 665 444 723 oh.
476 684 534 721 v.
557 666 652 737 32,
675 670 733 722 et
761 660 881 718 viii.
919 662 1010 718 16.
1053 660 1210 737 Ergo
1239 660 1413 719 etiam
1441 661 1669 737 proprie
1692 662 1985 739 accipitur,
2012 663 2242 739 quando
2265 664 2450 724 tribus
2478 666 2539 723 in
2568 668 2717 725 coelo

304 744 551 803 testibus
573 742 884 801 tribuitur:
929 740 1096 816 Quod
1126 738 1450 798 confirmari
1477 750 1691 817 posset,
1722 750 1845 800 tum
1894 762 1969 801 ex
2014 743 2299 820 baptismo
2330 745 2559 819 Christi,
2592 756 2717 805 tum

307 844 382 883 ex
409 824 697 900 baptismo
725 828 940 895 nostre,
972 820 1074 879 ubi
1090 819 1262 877 trium
1293 820 1694 879 distinctarum
1714 840 2104 899 personarum,
2136 824 2196 880 in
2214 843 2457 900 quarum
2486 827 2718 885 nomine

304 904 628 980 baptismus
657 901 1105 975 administratur,
1137 900 1351 958 mentio
1380 900 1654 977 injicitur,
1688 902 1737 960 si
1764 901 1827 959 id
1854 922 2007 961 nunc
2035 922 2355 980 ageremus.

390 982 642 1041 XXVI.
689 982 774 1041 Ut
802 1000 940 1039 vcro
983 999 1355 1057 personarum
1404 979 1659 1039 Trinitas
1686 1001 1763 1039 ex
1805 982 1917 1040 hoc
1970 982 2100 1041 loco
2129 983 2356 1043 elicitur
2398 984 2715 1061 evidenter,

312 1063 406 1121 Ita
431 1082 550 1121 non
577 1062 769 1119 minus
814 1060 967 1118 clare
1014 1058 1384 1118 confirmatur
1432 1060 1664 1117 illarum
1705 1063 2093 1121 Personarum
2138 1066 2388 1141 ὅμωυσὶα,
2422 1085 2551 1123 cum
2602 1085 2720 1124 non

309 1150 534 1203 tantum
576 1150 754 1201 testes
783 1140 1047 1199 coelestes
1074 1148 1369 1215 vocentur,
1421 1139 1523 1215 qui
1565 1142 1959 1201 testimonium
2011 1143 2120 1201 Dei
2173 1146 2345 1203 nobis
2397 1145 2719 1222 perhibent,

311 1223 414 1282 sed
441 1242 613 1280 unum
641 1240 768 1279 esse
797 1220 1076 1293 dicantur,
1107 1219 1266 1295 quod
1311 1238 1428 1276 non
1477 1219 1552 1277 ad
1599 1220 1879 1279 unitatem
1924 1242 2238 1282 consensus
2283 1233 2341 1283 et
2385 1226 2719 1301 voluntatis,

311 1302 415 1361 sed
425 1302 692 1361 essentias
709 1309 768 1359 et
777 1307 996 1358 naturae
1013 1298 1299 1376 pertinere
1321 1318 1495 1376 supra
1511 1298 2034 1360 demonstravimus
2055 1325 2069 1361 ε
2114 1303 2236 1366 Nec
2254 1305 2531 1380 mysterio
2548 1314 2721 1382 caret,

315 1382 474 1459 quod
509 1383 692 1440 Unum
720 1380 1000 1454 dicantur,
1045 1398 1162 1437 non
1199 1380 1370 1454 Unus,
1402 1378 1560 1437 istud
1607 1380 1759 1438 enim
1788 1401 2093 1458 personam
2122 1391 2362 1459 notaret,
2408 1385 2555 1443 illud
2584 1404 2723 1444 vero

315 1462 634 1537 Naturam;
677 1480 811 1519 nam
839 1460 900 1517 in
955 1458 1236 1517 Trinitate
1285 1467 1376 1517 est
1402 1458 1636 1535 quidem
1654 1464 1817 1526 ἄλλος
1858 1466 1947 1520 καὶ
1974 1458 2153 1538 ἄλλος,
2186 1464 2289 1521 sed
2318 1485 2431 1522 non
2460 1470 2598 1523 ἄλλο
2634 1470 2725 1525 καὶ

316 1538 472 1616 ἂλλο,
511 1540 626 1599 alia
648 1540 918 1615 Persona,
948 1560 1066 1597 non
1086 1558 1226 1596 vero
1266 1537 1380 1596 alia
1402 1538 1651 1599 Natura:
1686 1541 1769 1600 Ut
1806 1562 1881 1599 ex
1914 1542 2179 1619 opposito
2220 1542 2281 1599 in
2322 1544 2726 1604 Incarnatione

319 1630 410 1680 est
440 1626 576 1679 ἄλλο
601 1626 690 1679 ιιι)
716 1626 870 1695 ἄλλο,
903 1619 1006 1678 sed
1033 1638 1149 1677 non
1177 1616 1339 1683 ἔλλος
1361 1623 1450 1677 καὶ
1476 1616 1656 1694 ἄλλος,
1680 1620 1817 1697 quia
1844 1621 1974 1679 duae
2024 1630 2161 1681 sunt
2207 1630 2444 1698 naturae,
2478 1624 2580 1683 sed
2608 1644 2726 1684 una

316 1721 581 1780 persona.
627 1701 784 1759 Hinc
815 1702 1028 1777 Greg0.
1063 1699 1337 1757 Nazianz.
1367 1699 1606 1757 homilia
1634 1700 1705 1758 de
1725 1701 2012 1777 baptismo
2030 1703 2309 1761 unitatem
2338 1704 2507 1762 istam
2538 1704 2727 1762 Trini-

317 1782 471 1857 tatis,
529 1789 588 1840 et
653 1780 992 1838 Trinitatem
1040 1779 1279 1837 unitatis
1307 1779 1568 1856 apposite
1597 1779 1941 1857 designabat
1989 1782 2456 1859 admirabundus,
2516 1782 2571 1843 οὗ
2596 1784 2728 1855 φθεί-

321 1886 380 1919 u›
431 1866 486 1919 τὶ
535 1860 579 1920 i'v
622 1866 798 1935 »offo-m,
829 1864 919 1917 aa)
949 1865 1050 1924 τοῖς
1069 1864 1223 1941 reno-lv
1244 1858 1655 1940 πιςιλέμσομαι,
1686 1863 1741 1919 οὖ
1770 1861 1935 1933 φθαίη»
1954 1864 2022 1919 τὶ
2038 1864 2152 1943 agla
2168 1858 2354 1939 δηλῶ,
2392 1867 2483 1923 και)
2506 1870 2569 1930 ἀς
2610 1870 2665 1923 τὶ
2686 1862 2730 1925 ἵν

317 1956 640 2080 amouimus.

401 2022 470 2080 X
541 2020 688 2080 VII.
734 2020 950 2095 Quarto
977 2018 1225 2094 Spiritus
1245 2020 1444 2077 Sancti
1459 2021 1841 2095 personalitas
1868 2019 2084 2081 invicte
2109 2023 2401 2100 probatur,
2426 2024 2562 2101 quia
2590 2024 2732 2083 duo-

319 2102 430 2161 bus
457 2102 519 2159 in
548 2100 696 2160 coelo
723 2098 986 2173 testibuS,
1020 2098 1178 2156 Patri
1207 2106 1266 2156 et
1314 2097 1528 2173 Verb0,
1571 2106 1846 2177 tanquam
1894 2100 2099 2160 tertius
2143 2104 2307 2162 testis
2354 2103 2735 2182 adjungitur:

321 2188 390 2241 ut
415 2200 555 2257 ergo
587 2181 761 2238 Pater
787 2186 846 2237 et
874 2176 1134 2235 Verbum
1166 2176 1435 2235 Personae
1464 2186 1598 2237 sunt
1637 2179 1942 2256 distinctae,
1992 2201 2123 2258 quae
2166 2182 2557 2242 testimonium
2605 2204 2733 2261 per-

323 2260 522 2319 sonale
553 2258 782 2317 Christo
821 2256 1143 2335 perhibent,
1189 2256 1284 2316 Ita
1324 2275 1559 2316 necesse
1603 2268 1694 2318 est
1724 2261 2017 2338 Spiritum,
2069 2263 2257 2339 quiin
2302 2263 2505 2322 eodem
2534 2264 2736 2324 ordine

323 2340 564 2414 locatur,
596 2357 826 2416 quoque
853 2356 1159 2415 personam
1204 2356 1330 2395 esse
1374 2356 1491 2394 non
1538 2358 1661 2396 rem
1709 2347 1935 2401 tantum
1983 2361 2113 2419 quae
2140 2343 2533 2403 testimonium
2582 2345 2735 2404 reale

323 2419 546 2479 reddat.
632 2418 769 2477 Huc
797 2417 1036 2493 accedit,
1069 2417 1226 2494 quod
1267 2437 1396 2477 cum
1425 2437 1530 2495 per
1578 2418 1857 2496 Spiritum
1902 2422 2016 2497 hic,
2063 2443 2171 2483 nec
2218 2424 2434 2483 donum
2487 2425 2737 2503 Spiritus

324 2500 509 2578 possit
535 2498 800 2577 intelligi,
833 2498 990 2577 quod
1017 2498 1265 2575 pertinet
1305 2495 1381 2555 ad
1429 2498 1675 2557 classem
1724 2502 1955 2561 testium
1998 2506 2369 2579 terrestrium,
2416 2525 2524 2564 nec
2552 2505 2739 2565 virtus

327 2589 387 2639 et
413 2580 672 2659 potentia
699 2580 908 2656 Patris,
940 2577 1078 2656 quia
1105 2578 1187 2636 sic
1216 2598 1332 2637 non
1360 2586 1558 2654 posset
1585 2579 1660 2638 ab
1689 2600 1757 2639 eo
1787 2590 2061 2658 tanquam
2107 2584 2310 2643 tertius
2338 2584 2503 2643 testis
2533 2584 2737 2643 distin-

328 2661 467 2738 gui3
513 2682 644 2720 cum
673 2659 938 2719 essentiae
966 2666 1026 2717 et
1067 2658 1301 2717 virtutis
1349 2657 1427 2716 sit
1469 2678 1586 2717 una
1635 2660 1951 2737 eademque
2004 2662 2371 2735 testificati03
2414 2665 2739 2723 necessario

328 2743 499 2800 tertia
525 2740 788 2818 quasdam
820 2740 1078 2798 Persona
1105 2758 1140 2795 a
1169 2736 1343 2796 Patre
1371 2745 1432 2796 et
1459 2737 1659 2796 Verbo
1698 2739 1988 2811 distincta,
2021 2748 2079 2796 et
2108 2760 2237 2798 cum
2286 2740 2491 2799 iisdem
2519 2750 2739 2803 testans

331 2819 710 2898 intelligenda
736 2819 950 2890 veniat,
984 2816 1076 2875 cui
1099 2834 1214 2873 non
1283 2823 1481 2874 ossent
1509 2826 1596 2875 tot
1619 2817 1875 2874 actiones
1902 2818 2234 2893 personales
2263 2822 2517 2891 testandi,
2548 2842 2739 2880 conso-

331 2901 508 2974 landi,
566 2899 833 2973 mittendi,
891 2895 1200 2969 scrutandi,
1293 2913 1342 2952 c.
1401 2894 1596 2969 tribui,
1654 2895 1768 2952 nisi
1816 2914 1955 2952 vera
1982 2903 2041 2953 et
2092 2896 2321 2973 proprie
2378 2896 2532 2955 dicta
2586 2908 2741 2959 esset

326 2978 599 3036 Persona.

413 3054 733 3113 XXVIII.
781 3054 1046 3129 Denique
1084 3052 1538 3130 necessita-§fidei
1569 3052 1739 3111 istius
1786 3052 2047 3129 mysterii
2075 3053 2151 3111 ad
2199 3053 2445 3113 salutem
2472 3074 2590 3114 non
2637 3057 2739 3115 ob-

332 3156 498 3196 scure
527 3134 828 3195 evincitur.
916 3133 1062 3190 Cum
1109 3132 1262 3191 enim
1310 3139 1430 3189 tres
1473 3131 1601 3189 istae
1649 3151 1909 3208 personae
1954 3139 2232 3193 testantes
2272 3133 2619 3194 inducantur
2666 3138 2740 3195 de

334 3216 597 3291 Christ03
643 3232 810 3273 nemo
839 3220 1032 3291 potest
1057 3212 1120 3269 in
1170 3210 1462 3270 Christum
1512 3210 1759 3285 credere,
1811 3212 1912 3288 qui
1960 3232 2153 3273 earum
2202 3214 2594 3273 testimonium
2622 3238 2740 3277 non

332 3296 588 3375 recipiat,
621 3302 794 3371 atque
822 3291 969 3351 adeo
998 3311 1096 3350 eas
1123 3311 1236 3349 non
1269 3290 1627 3350 confiteatur.
1710 3290 1791 3349 Et
1838 3312 1975 3351 sane
2004 3313 2133 3352 cum
2182 3294 2327 3353 fides
2358 3295 2565 3373 Deum,
2596 3317 2736 3374 qua-

330 3377 446 3437 lem
477 3397 539 3436 se
565 3378 626 3434 in
655 3373 834 3433 verbo
863 3371 1032 3430 nobis
1059 3371 1346 3449 patefecit,
1379 3371 1566 3430 colere
1595 3379 1889 3448 teneatur3
1936 3373 2057 3432 Nec
2103 3374 2333 3433 Patrem
2361 3375 2573 3436 habere
2601 3398 2735 3458 pos-

331 3458 424 3533 sit,
456 3457 556 3534 qui
585 3454 800 3513 Filium
855 3459 1034 3529 negat
1085 3454 1115 3509 1
1148 3451 1193 3512 J
1197 3452 1289 3512 oh.
1339 3452 1398 3510 ii.
1445 3454 1540 3526 23,
1601 3451 1785 3511 Nemo
1830 3472 1947 3511 non
1994 3454 2158 3514 videt
2200 3454 2531 3515 Articulum
2580 3459 2735 3518 hunc

330 3556 468 3596 vere
497 3532 984 3595 fundamentalem
1012 3552 1156 3607 esse,
1181 3551 1352 3609 quem
1393 3531 1530 3590 licet
1561 3534 1596 3565 ‘⁴
1613 3531 1895 3592 scrutari'’
1918 3534 1995 3593 sit
2019 3536 2055 3567 ‘⁴
2075 3537 2430 3611 temeritatis,
2462 3538 2735 3599 credere''

333 3624 526 3675 tamen
579 3618 615 3649 “
636 3612 868 3691 pietatis
917 3620 1023 3687 est,
1081 3620 1140 3671 et
1181 3630 1352 3671 nosse
1401 3610 1526 3670 vita
1568 3614 1841 3689 aeterna,''
1898 3623 1963 3673 ut
1990 3615 2131 3674 scite
2187 3615 2324 3673 olim
2380 3616 2732 3678 Bernartius·

335 3695 508 3755 Unde
537 3692 804 3772 quamvis
829 3692 1004 3770 longe
1033 3692 1244 3751 clarius
1293 3690 1400 3750 sub
1436 3691 1604 3750 Novo
1655 3692 2023 3753 Testamento
2052 3695 2387 3771 mysterium
2435 3696 2547 3755 hoc
2573 3706 2731 3773 pate·

331 3774 549 3833 factum
578 3774 690 3849 sit;
735 3774 795 3831 in
823 3772 1027 3831 Veteri
1053 3780 1246 3831 tamen
1273 3791 1390 3829 non
1433 3771 1695 3847 ignotum
1738 3772 1933 3849 fuisse,
1965 3774 2067 3833 sed
2116 3774 2461 3834 sufficienter
2508 3776 2584 3833 ad
2609 3777 2731 3853 pio-

333 3873 460 3913 rum
485 3853 753 3913 solatium
808 3852 1143 3928 revelatum,
1177 3852 1442 3911 dubitare
1470 3871 1584 3909 non
1613 3852 1767 3911 licet.
1854 3853 2005 3929 Quid
2034 3862 2295 3932 superest
2314 3873 2471 3930 ergo,
2502 3855 2613 3913 nisi
2670 3864 2734 3914 ut

329 3934 478 3994 tanti
532 3932 792 4011 mysterii
838 3932 1011 3991 fidem
1076 3939 1406 3991 constanter
1457 3950 1683 4011 semper
1727 3932 2091 4010 retineamus,
2150 3942 2209 3993 et
2256 3954 2387 3992 cum
2440 3942 2559 3993 tres
2605 3933 2733 3995 istae

327 4034 591 4093 personae
643 4012 1038 4090 irrefragabile
1093 4012 1432 4090 perhibeant
1461 4012 1689 4071 Christo
1718 4013 2142 4089 testimonium3
2197 4013 2517 4073 Caveamus
2566 4033 2637 4073 ne
2664 4016 2733 4072 il-

330 4094 434 4154 lud
485 4093 886 4154 incredulitate
940 4101 1138 4151 nostra
1193 4110 1446 4168 unquam
1501 4111 1873 4169 respuamus:
1949 4093 2078 4152 Imo
2145 4093 2316 4169 plena
2364 4092 2499 4152 fidei
2550 4110 2733 4175 rango-

333 4176 489 4257 φοςίᾳ
515 4175 576 4232 in
597 4173 701 4232 illo
729 4172 1180 4249 acquiescentes,
1213 4170 1514 4230 credamus
1543 4172 1586 4231 J
1589 4191 1750 4230 esum
1768 4192 1896 4231 esse
1925 4171 2217 4231 Christum
2264 4171 2477 4231 Filium
2507 4173 2636 4251 Dei,
2668 4184 2735 4235 ut

331 4256 634 4316 credentes
661 4252 844 4313 vitam
871 4252 1188 4311 habeamus
1215 4250 1278 4309 in
1305 4249 1539 4309 nomine
1567 4252 1713 4329 ejuS,
1744 4252 1884 4312 Joh.
1914 4272 2016 4311 xx.
2047 4256 2143 4312 31.
2187 4251 2397 4309 Amen.
