3234 5192
285 362 518 403 msrur.
547 342 668 422 un]
981 356 1060 397 ns
1103 348 1444 398 semprumn
1475 354 1678 397 sacrm
1710 354 2153 398 summum-rs.
2581 340 2700 399 255

293 506 352 563 in
374 504 470 563 die
499 504 892 577 Pentecostes,
923 498 1082 577 quod
1126 502 1492 577 agnoverunt
1517 498 1778 574 Tolenus,
1809 498 1855 559 J
1856 498 2147 575 ansenius,
2178 506 2237 559 et
2262 496 2363 557 alii
2393 518 2470 558 ex
2500 500 2701 559 Ponti·

294 585 460 645 fieiis.
543 583 666 642 Nec
711 581 908 641 obstat
949 580 1108 659 quod
1139 579 1530 639 Bellarminns
1583 579 1681 638 hic
1728 576 1897 639 affert
1924 600 2001 639 ex
2048 581 2190 640 Joh.
2220 581 2343 641 xiv.
2376 578 2471 657 16,
2520 584 2557 615 ‘⁴
2575 582 2705 659 Spi-

291 665 466 725 ritum
491 665 648 723 hunc
677 662 794 721 dici
820 680 1156 719 mansurum
1183 660 1246 718 in
1273 667 1552 719 aeternum
1581 678 1715 719 cum
1732 660 1933 738 ipsis,''
1962 660 2122 739 quod
2140 680 2271 721 cum
2300 660 2373 719 de
2402 660 2707 739 Apostolis

295 744 410 804 dici
429 750 696 822 nequeat,
711 742 812 819 qui
903 750 1110 819 rpetuo
1129 759 1252 799 non
1271 740 1563 815 vixerunt,
1589 740 1915 799 necessario
1944 740 2021 799 ad
2052 742 2428 801 Successores
2448 743 2705 821 ipsorum

297 826 372 885 sit
397 823 782 885 referendum.
885 840 978 881 am
1005 840 1178 881 nemo
1207 820 1410 897 nescit,
1441 820 1825 880 aeternitatem
1871 840 1989 881 non
2012 840 2239 899 semper
2259 820 2523 881 absolute
2554 824 2705 883 sumi

297 906 400 965 sed
427 926 582 985 saepe
608 930 749 963 aava
773 928 842 979 τι,
873 908 940 962 ιιι
979 908 1213 961 notetur
1240 900 1470 959 duratio
1495 900 1905 977 memorabilis,
1935 920 2066 979 quae
2094 902 2169 960 ad
2195 908 2375 962 totam
2402 903 2583 963 vitam
2612 922 2710 963 eo-

297 1006 440 1063 rum,
455 986 528 1045 de
545 985 758 1063 quibus
768 982 978 1061 agitur,
992 980 1342 1041 extendatur
1363 1002 1378 1059 3
1413 980 1512 1041 Sic
1537 980 1787 1059 Spiritus
1807 980 2021 1041 dicitnr
2034 1002 2340 1043 mansurus
2361 1004 2493 1042 cum
2516 984 2709 1061 Apos-

295 1067 430 1125 tolis
457 1066 522 1125 in
549 1074 842 1139 aeternum,
873 1070 1160 1141 quatenus
1186 1080 1482 1138 nunquam
1511 1069 1635 1120 erat
1660 1080 1763 1121 eos
1782 1060 2161 1123 derelicturus
2180 1082 2285 1141 per
2302 1070 2484 1123 totam
2505 1065 2707 1124 vitam.

300 1146 393 1206 Ita
409 1146 602 1206 Lucas
625 1143 964 1223 Brugensis,
990 1146 1026 1177 ‘⁴
1050 1144 1124 1201 In
1147 1143 1478 1217 aeternum,”
1499 1140 1705 1219 inquit,
1741 1142 1857 1201 “id
1884 1150 1991 1217 est,
2014 1162 2131 1201 non
2149 1142 2223 1201 ad
2250 1152 2369 1203 tres
2386 1152 2707 1222 quatuorve

299 1246 498 1304 annos,
530 1226 634 1285 sed
661 1222 942 1302 quamdiu
965 1221 1233 1281 vixeritis
1259 1222 1322 1280 in
1347 1222 1460 1281 hoc
1489 1222 1703 1297 secu10,
1734 1240 1850 1279 non
1892 1224 2043 1281 enim
2074 1224 2417 1302 temporaria
2444 1225 2555 1284 erit
2581 1224 2709 1302 ejus

299 1305 658 1366 consuetudo
686 1304 1006 1377 vobiscum,
1035 1311 1102 1362 ut
1127 1302 1316 1377 mea,”
1360 1310 1426 1361 ut
1452 1302 1925 1379 Theophylactus
1950 1310 2133 1363 notat.
2220 1303 2335 1379 Sic,
2370 1306 2401 1361 1
2434 1304 2584 1364 Tim.
2628 1304 2707 1363 vi.

305 1391 400 1461 14,
433 1384 654 1444 Paulus
694 1391 892 1442 monet
931 1383 1314 1459 Timotheum,
1343 1388 1412 1441 ut
1453 1390 1649 1441 servet
1694 1382 2029 1441 mandatum
2074 1402 2257 1460 usque
2298 1384 2375 1443 ad
2428 1384 2711 1443 illustrem

301 1467 616 1525 adventum
649 1462 884 1522 Domini
915 1462 1132 1539 Nostri,
1163 1462 1206 1523 J
1209 1481 1314 1521 esu
1343 1462 1594 1539 Christi3
1664 1482 1783 1521 non
1838 1462 1997 1540 quod
2042 1462 2383 1523 Timotheus
2434 1470 2554 1523 tam
2610 1464 2711 1523 diu

299 1548 561 1606 victurus
590 1552 760 1621 esset,
792 1542 896 1603 sed
923 1552 990 1602 ut
1015 1544 1144 1622 ejus
1184 1542 1578 1602 observationi
1616 1550 1895 1621 perpetuo
1932 1542 2306 1619 incumberet,
2338 1552 2397 1603 et
2424 1563 2499 1603 ex
2526 1544 2711 1623 hypo-

298 1628 451 1686 thesi
479 1626 530 1685 si
559 1626 758 1685 vivere
786 1642 1041 1703 eousque
1069 1622 1271 1702 possit,
1303 1624 1586 1702 tantisper
1615 1622 1729 1683 sibi
1756 1622 2091 1683 mandatum
2120 1624 2469 1683 servandum
2498 1634 2713 1685 statue-

301 1716 406 1767 ret.
492 1706 658 1766 Licet
681 1724 818 1765 vero
846 1724 966 1764 non
992 1724 1292 1781 negemus,
1335 1703 1777 1781 promissionem
1820 1704 2035 1763 Christi
2061 1722 2231 1783 posse
2275 1705 2575 1783 analogice
2620 1724 2712 1764 ac-

301 1786 594 1846 comodari
622 1786 892 1846 omnibus
920 1793 978 1844 et
1007 1784 1254 1863 singulis
1275 1782 1408 1842 fidis
1453 1784 1827 1859 Pastoribus;
1871 1784 1987 1843 imo
2016 1794 2075 1844 et
2116 1784 2362 1863 singulis
2392 1784 2713 1863 Fidelibus,

301 1868 442 1927 etin
467 1868 541 1925 iis
571 1864 912 1926 secundario
939 1864 1184 1942 impleri,
1229 1870 1516 1941 quatenus
1557 1863 1955 1941 gubernantur
1981 1886 2017 1925 a
2047 1864 2088 1925 S
2130 1864 2281 1941 iritu,
2306 1886 2343 1925 a
2368 1886 2484 1943 quo
2534 1866 2615 1926 ita
2656 1868 2717 1924 in

303 1966 532 2007 omnem
559 1948 864 2006 veritatem
893 1944 1202 2004 salutarem
1247 1942 1628 2021 deducuntur,
1658 1952 1725 2003 ut
1750 1962 1869 2003 nun
1912 1964 2043 2005 nam
2154 1946 2322 2005 aliter
2340 1946 2435 2005 vel
2464 1946 2721 2006 totaliter

303 2026 580 2086 excidant
626 2046 662 2085 a
687 2024 838 2083 fide:
901 2024 1090 2083 Nemo
1137 2032 1332 2082 tamen
1380 2022 1594 2084 dixerit
1642 2024 1857 2083 donum
1929 2046 1997 2085 oc
2038 2026 2101 2083 in
2126 2026 2328 2085 eodem
2359 2024 2545 2103 gradu
2586 2046 2715 2086 cum

306 2106 612 2183 Apostolis
641 2105 784 2181 ipsis
813 2103 1142 2176 convenire,
1172 2102 1268 2161 vel
1295 2110 1598 2180 propterea
1614 2103 1949 2165 infallibiles
1976 2104 2159 2181 reddi,
2190 2106 2480 2184 quomodo
2520 2106 2717 2167 Unctio

307 2186 520 2244 dicitur
547 2187 746 2242 docere
775 2183 962 2241 omnia
989 2181 1208 2258 fideles,
1243 2184 1273 2239 1
1299 2182 1440 2241 Joh.
1468 2183 1528 2243 ii.
1557 2186 1655 2261 20,
1694 2186 1961 2263 quamvis
1990 2193 2209 2245 certum
2240 2187 2332 2262 sit,
2382 2204 2489 2244 nec
2516 2185 2719 2245 fideles

309 2265 504 2323 omnia
532 2263 765 2322 omnino
795 2262 957 2337 scire,
990 2262 1093 2321 sed
1119 2270 1343 2322 tantum
1384 2264 1711 2323 necessaria
1748 2265 1824 2323 ad
1852 2266 2116 2342 salutem,
2146 2286 2255 2325 nec
2304 2266 2385 2325 ita
2410 2266 2621 2342 doceri,
2653 2274 2719 2327 ut

309 2344 572 2403 absolute
623 2363 741 2401 non
788 2342 1034 2421 amplius
1075 2362 1262 2403 errare
1304 2345 1561 2422 possint:
1629 2345 1723 2404 Ita
1762 2347 2066 2423 promissio
2097 2347 2313 2406 Christi
2340 2346 2721 2424 intelligenda

311 2434 402 2483 est
429 2444 560 2483 cum
587 2424 697 2482 hac
713 2423 1070 2500 limitatione,
1103 2432 1170 2485 ut
1195 2424 1443 2503 Spiritus
1460 2424 1817 2486 deducturus
1846 2427 1921 2486 sit
1936 2427 2257 2486 Ecclesiam
2286 2428 2347 2486 in
2368 2446 2595 2486 omnem
2618 2447 2721 2487 vc·

306 2504 536 2565 ritatem
563 2506 804 2564 mediate
829 2523 932 2583 pcr
963 2506 1086 2565 Scri
1129 2514 1316 2565 turam
1350 2526 1590 2581 sacram,
1622 2514 1909 2583 quatenus
1937 2506 2289 2567 deducturus
2317 2515 2439 2567 erat
2466 2508 2623 2585 ipsos
2646 2508 2721 2567 ad

308 2586 567 2645 Verbum
597 2586 726 2662 Dei,
777 2586 934 2663 quod
969 2606 1072 2665 per
1097 2586 1388 2646 ectissima
1429 2594 1520 2645 est
1573 2586 1762 2644 omnis
1806 2586 2069 2645 veritatis
2096 2608 2314 2663 norma,
2362 2608 2535 2665 quam
2581 2586 2719 2647 dum

306 2666 604 2744 sequuturi
631 2674 782 2741 sunt,
813 2686 1108 2744 nunquam
1138 2666 1254 2725 sint
1281 2665 1602 2725 aberraturi
1626 2686 1641 2741 ς
1688 2666 1767 2725 Ει
1788 2666 2053 2723 Christus
2080 2667 2203 2743 ipse
2226 2668 2337 2724 hoc
2365 2668 2507 2726 satis
2534 2668 2723 2727 innuit

304 2746 443 2805 dum
470 2745 648 2823 addit,
684 2749 720 2780 ‘⁴
743 2747 1022 2823 Spiritum
1048 2746 1204 2804 hunc
1231 2762 1350 2802 non
1378 2764 1414 2803 a
1441 2764 1502 2803 se
1529 2746 1660 2821 ipso
1686 2744 2079 2821 loquuturum,
2110 2745 2215 2803 sed
2242 2746 2723 2805 annunciaturum

305 2826 580 2905 quicquid
608 2826 890 2901 audivit,”
937 2824 1065 2900 &c.,
1089 2844 1164 2881 ne
1205 2823 1338 2900 quis
1377 2830 1544 2900 putet
1569 2842 1727 2882 nova
1754 2823 2029 2901 dogmata
2055 2824 2243 2899 ipsum
2270 2825 2719 2900 propositurum,

306 2907 408 2966 sed
463 2906 708 2966 eandem
762 2924 894 2981 quae
948 2922 984 2960 a
1033 2902 1264 2961 Christo
1292 2901 1606 2978 praedicata
1648 2909 1790 2978 erat,
1838 2901 2158 2960 doctrinam
2214 2902 2681 2961 confirmaturum
2706 2926 2722 2979 ;

301 2995 476 3063 atque
522 2987 604 3043 ita
643 3002 762 3041 non
807 2983 978 3040 aliter
1023 2980 1410 3039 deducturum
1459 2980 1520 3038 in
1573 3000 1803 3039 omnem
1831 2980 2154 3057 veritatem,
2226 3000 2357 3041 uam
2410 2980 2721 3059 aperiendo

303 3073 530 3123 mentes
559 3063 635 3121 ad
661 3059 1072 3137 intelligendas
1124 3058 1470 3136 Scripturas.
1555 3060 1781 3118 Rursus
1828 3060 1967 3119 licet
2014 3078 2189 3121 conce
2234 3080 2397 3121 amus
2444 3060 2721 3140 Spiritum

309 3147 589 3206 Sanctum
618 3160 844 3219 semper
872 3139 1075 3199 adesse
1101 3158 1258 3198 verae
1290 3138 1586 3215 Ecclesiae,
1611 3158 1853 3217 eamque
1882 3158 2081 3217 regere
2111 3150 2169 3201 et
2196 3140 2418 3221 docere,
2443 3162 2515 3201 ne
2546 3162 2581 3201 a
2606 3142 2723 3203 fide

305 3224 555 3299 deficiat,
586 3242 662 3281 ex
707 3240 776 3279 eo
821 3228 1016 3279 tamen
1061 3238 1179 3277 non
1223 3226 1418 3296 potest
1453 3218 1651 3278 inferri
1691 3220 1885 3279 statim
1915 3240 2015 3279 eos
2044 3241 2259 3301 omnes,
2291 3225 2393 3301 qui
2440 3224 2719 3285 Ecclesiae

305 3306 538 3365 titulum
568 3302 682 3362 sibi
709 3306 998 3379 arrogant,
1029 3308 1088 3359 et
1119 3299 1397 3377 Spiritum
1425 3299 1578 3358 hunc
1599 3300 1843 3378 jactant,
1876 3320 2061 3361 errare
2090 3322 2205 3363 non
2227 3325 2415 3383 posse,
2440 3306 2578 3385 quia
2606 3326 2721 3365 non

307 3387 578 3464 alligatus
606 3392 696 3443 est
724 3381 800 3440 ad
829 3381 1248 3459 Episcoporum
1291 3380 1733 3457 successionem,
1778 3382 1875 3440 vel
1902 3380 1978 3441 ad
2028 3382 2327 3445 Pontificis
2360 3386 2585 3466 Sedem,
2617 3396 2719 3447 aut

305 3466 382 3525 ad
409 3474 714 3525 externum
763 3461 1044 3521 Ecclesiae
1089 3462 1488 3539 cujuscunque
1531 3462 1937 3540 Ministerium,
1969 3464 2127 3541 quod
2154 3475 2219 3526 ut
2246 3468 2552 3546 corrumpi,
2581 3469 2663 3527 ita
2683 3488 2719 3525 a

305 3564 446 3605 vero
474 3565 624 3623 saepe
651 3549 846 3622 potest
872 3542 1136 3600 aberrare
1158 3562 1174 3618 ;
1205 3541 1310 3600 sed
1327 3540 1401 3599 ad
1421 3542 1707 3601 internam
1734 3562 1999 3602 verorum
2018 3542 2275 3606 fidelium
2296 3548 2717 3607 institutionem

303 3626 556 3702 respicit,
585 3645 690 3703 per
717 3642 892 3701 quam
919 3621 1002 3698 fit,
1033 3630 1100 3681 ut
1127 3640 1424 3699 nunquam
1452 3624 1687 3700 penitus
1716 3642 1751 3682 a
1794 3624 2041 3683 veritate
2070 3624 2361 3687 deficiant.
2448 3626 2715 3701 Denique

309 3706 358 3764 si
401 3704 477 3763 ad
509 3705 883 3764 Successores
913 3702 1328 3780 Apostolorum
1348 3703 1562 3761 donum
1593 3704 1703 3762 hoc
1720 3703 1985 3782 pertinet,
2016 3705 2113 3763 vel
2154 3704 2519 3783 intelligendi
2549 3712 2717 3761 erunt

310 3785 550 3843 seorsim
603 3793 662 3844 et
709 3781 1078 3842 distributive
1121 3783 1356 3860 sing-uli,
1405 3783 1499 3842 vcl
1542 3803 1743 3843 omnes
1783 3786 1844 3842 in
1888 3784 2148 3844 Concilio
2178 3780 2551 3861 congregati:
2600 3781 2717 3839 Sed

309 3870 576 3920 neutrum
617 3862 732 3921 dici
774 3870 1000 3940 potest;
1045 3862 1178 3922 Non
1217 3863 1396 3941 prius,
1483 3864 1580 3923 uia
1623 3864 1749 3942 ipso
1795 3864 2150 3923 Bellarmino
2198 3870 2363 3937 teste,
2408 3861 2508 3919 lib.
2556 3859 2613 3917 ii.
2644 3860 2717 3918 de

313 3941 604 4019 Consiliis,
649 3962 772 4018 cap.
811 3947 867 4019 2,
915 3943 1164 4021 Spiritus
1203 3962 1322 4002 non
1365 3942 1434 4003 de
1479 3944 1601 4003 ucit
1649 3944 1969 4022 Episcopos
2024 3942 2264 4001 seorsim
2292 3941 2610 3999 existentes
2658 3940 2717 3997 in

311 4040 542 4081 omnem
597 4021 915 4097 veritatem,
973 4042 1104 4081 cum
1149 4042 1338 4083 errare
1380 4024 1625 4101 possint.
1710 4024 1765 4081 N
1768 4043 1841 4082 on
1886 4022 2191 4100 posterius,
2222 4039 2358 4078 nam
2403 4020 2453 4077 si
2502 4019 2717 4097 singuli

310 4120 500 4162 errare
554 4108 812 4179 possunt,
869 4122 1044 4179 quare
1101 4104 1274 4162 simul
1329 4123 1530 4162 omnes
1571 4112 1765 4162 essent
1792 4101 2170 4159 infallibiles?
2255 4100 2532 4177 Superest
2578 4118 2719 4175 ergo

309 4192 376 4241 ut
405 4181 710 4260 Apostolis
737 4180 968 4258 quidem
995 4185 1366 4261 promittatur
1397 4183 1665 4261 SpirituS,
1695 4180 1886 4259 quoad
1916 4180 2069 4239 dona
2097 4176 2568 4255 extraordinaria,
2590 4180 2719 4238 aliis

309 4282 448 4322 vero
477 4261 669 4341 quoad
697 4261 1000 4321 ordinaria.

910 4343 1022 4403 VI.
1071 4342 1353 4417 Secundo,
1390 4342 1453 4399 Si
1481 4341 1555 4398 ab
1585 4337 1851 4398 Ecclesia
1869 4336 2147 4414 penderet
2175 4336 2367 4411 quoad
2393 4356 2500 4397 nos
2532 4337 2724 4419 Scrip-

308 4423 786 4495 2·A,¹·8·0⁰¹¹t¹’⁸'1'0⁵·
827 4430 972 4482 turae
1017 4420 1378 4494 Authoritas,
1411 4419 1525 4477 Vel
1569 4418 1631 4476 id
1674 4418 1839 4475 fieret
1885 4416 1961 4473 ab
2010 4414 2277 4475 Ecclesia
2308 4418 2630 4497 collectiva,
2661 4420 2723 4481 id

366 4485 626 4587 {ffi‘fgmm
688 4484 780 4532 Εὐ
821 4510 926 4577 est,
961 4500 1356 4561 Universitate
1383 4497 1660 4570 fidelium,
1684 4495 1801 4553 Vel
1828 4514 1863 4552 a
1882 4495 2354 4572 repraesentativa
2381 4518 2483 4560 seu
2514 4502 2723 4562 Recto·

525 4574 539 4587 ⁹
829 4582 994 4640 ribus
1011 4598 1226 4653 eorum,
1243 4579 1426 4653 iisque
1449 4576 1544 4635 vel
1556 4574 1803 4651 singulis
1822 4576 2077 4653 seorsim,
2092 4576 2187 4635 vel
2200 4578 2370 4640 simul
2386 4581 2447 4639 in
2467 4582 2725 4641 Concilio

307 4660 694 4738 congregatis,
723 4660 840 4720 Vel
869 4660 1118 4736 denique
1148 4678 1182 4717 a
1210 4656 1489 4733 singulari
1507 4656 1705 4733 aliquo
1738 4656 1993 4734 Pastore,
2024 4676 2203 4734 penes
2230 4680 2399 4738 quem
2430 4663 2621 4740 posita
2650 4664 2725 4721 sit
