3234 5192
319 375 550 416 msru‘r.
579 360 778 434 xvim]
946 377 1023 416 ne
1051 376 1527 418 SATISFACTIONIS
1557 377 1793 419 cuniam
1839 379 2157 424 mmm-rs.
2614 368 2729 427 587

315 515 552 575 volebat
581 535 710 574 cum
739 516 916 594 ipsis:
959 536 1074 594 quo
1101 526 1334 595 peracto
1381 517 1651 578 Seniores
1696 518 1929 579 Israb‘lis
1972 521 2071 598 qui
2116 529 2285 580 antea
2314 520 2447 580 dum
2480 524 2736 601 promul-

322 596 570 672 gabatur
598 597 742 655 Lex.
774 597 1046 656 accedere
1087 606 1251 656 erant
1295 599 1483 675 veriti,
1517 599 1706 658 Deum
1750 599 1989 659 Israelis
2016 600 2235 661 vidisse
2263 601 2534 662 dicuntur
2560 603 2643 663 ita
2668 613 2737 664 ut

325 695 440 733 non
469 677 797 736 extenderit
823 697 1056 735 manum
1086 697 1248 736 suam
1295 680 1356 737 in
1402 679 1578 757 ipsos,
1626 678 1731 737 sed
1774 680 2129 739 comederint
2155 689 2215 740 et
2240 681 2493 742 biberint
2520 681 2580 740 in
2608 683 2737 760 ejus

325 765 654 893 consipectu,
687 777 806 816 ver.
839 760 892 832 6,
926 760 981 832 7,
1013 755 1122 816 Sec.
1205 759 1346 832 Quae
1376 760 1568 818 omnia
1603 757 1911 840 μυστιιςιόδη
1954 766 2118 818 erant
2166 768 2225 820 et
2250 761 2463 838 typica.
2520 763 2733 840 Prim0,

322 855 438 912 quo
507 836 695 895 foedus
721 837 868 896 illud
885 836 1141 896 dedicari
1161 837 1362 900 debuit
1380 839 1651 915 sanquine
1678 838 2001 898 luculenter
2020 839 2217 900 docuit
2245 840 2433 900 foedus
2463 841 2575 900 Dei
2604 862 2735 902 cum

321 925 583 975 creatura
609 917 928 994 peccatrice
955 937 1072 975 non
1115 937 1285 994 posse
1335 920 1512 996 pangi
1561 919 1673 978 nisi
1722 919 2051 979 interventu
2080 920 2489 980 satisfactionis
2515 923 2735 998 quaein
2806 969 2813 976 .

323 997 619 1056 sacrificiis
647 997 764 1055 illis
792 997 1130 1074 expiatoriis
1158 997 1625 1074 adumbrabatur,
1648 998 1803 1058 unde
1824 999 1965 1058 alibi
1992 999 2181 1059 foedus
2209 1002 2565 1060 contraxisse
2594 1002 2735 1061 dici—

321 1082 417 1134 tur
447 1080 484 1110 ‘⁶
507 1096 678 1154 super
706 1077 1060 1150 sacrificiis‚”
1092 1077 1248 1137 Psal.
1277 1078 1318 1137 l.
1359 1080 1414 1154 5,
1443 1079 1586 1138 utin
1616 1077 1952 1138 Abrahamo
1974 1079 2181 1156 visum,
2216 1079 2365 1142 Gen.
2396 1101 2496 1140 xv.
2528 1083 2584 1140 9.
2618 1083 2737 1142 Sed

323 1155 480 1232 quod
507 1157 824 1216 umbratice
852 1165 1078 1216 tantum
1107 1166 1166 1216 et
1209 1159 1403 1236 typice
1450 1159 1689 1235 sanguis
1736 1159 2069 1218 animalium
2103 1161 2430 1238 praestabat,
2460 1161 2574 1220 hoc
2599 1180 2735 1220 vere

322 1245 560 1312 praestat
587 1237 824 1314 sanguis
855 1237 1089 1309 Christi,
1118 1238 1220 1314 qui
1247 1247 1337 1297 est
1357 1237 1789 1296 fundamentum
1814 1239 2047 1298 foederis
2068 1239 2224 1314 novi,
2254 1239 2409 1299 unde
2443 1242 2478 1273 “
2500 1242 2737 1318 sanguis

325 1315 466 1372 novi
494 1316 888 1375 Testamenti''
919 1317 1146 1388 dicitur,
1179 1317 1321 1377 Luc.
1371 1318 1517 1377 xxii.
1548 1321 1646 1377 20.
1736 1317 2019 1396 Secund0,
2058 1339 2325 1396 aspersus
2366 1328 2457 1379 est
2498 1322 2736 1398 sanguis

325 1394 712 1454 diversimode
742 1415 915 1473 supra
940 1397 1159 1472 Altare,
1183 1401 1476 1474 populum,
1508 1399 1643 1475 leqis
1669 1397 1873 1456 librum
1920 1408 1974 1457 et
2000 1400 2434 1475 tabernaculum,
2466 1420 2599 1472 nam
2628 1401 2739 1459 etsi

323 1494 432 1533 nec
460 1475 534 1533 de
563 1476 740 1553 Legis
767 1475 916 1534 libro
944 1497 1052 1536 nec
1080 1476 1152 1536 de
1181 1477 1552 1536 tabernaculo
1573 1497 1905 1555 expressam
1935 1479 2285 1539 mentionem
2314 1479 2489 1539 faciat
2517 1480 2733 1556 Moses,

325 1555 466 1614 satis
493 1563 688 1615 tamen
716 1556 1015 1616 subinnuit
1043 1576 1170 1615 cum
1201 1557 1284 1616 ait
1330 1558 1510 1616 altare
1555 1557 1733 1617 fuisse
1780 1558 2061 1635 sanguine
2106 1578 2419 1636 aspersum,
2452 1568 2511 1618 et
2536 1568 2739 1638 postea

323 1635 538 1695 librum
565 1645 940 1714 assumptum,
971 1658 1028 1694 v.
1063 1641 1116 1713 7,
1149 1637 1271 1696 scil.
1303 1657 1378 1697 ex
1407 1638 1576 1698 altari
1605 1638 1697 1696 cui
1724 1638 2021 1715 probabile
2051 1647 2139 1697 est
2166 1639 2375 1698 librum
2405 1639 2739 1717 impositum

325 1715 502 1775 fuisse
531 1737 662 1777 cum
679 1717 841 1776 fieret
864 1717 1212 1795 conspersiO,
1233 1718 1386 1777 unde
1406 1718 1616 1796 Apost.
1642 1718 1795 1776 Heb.
1818 1719 1899 1776 ix.
1932 1721 2025 1793 19,
2050 1738 2123 1777 ex
2142 1718 2341 1777 divina
2363 1719 2739 1797 inspiratione

326 1794 596 1856 distincte
627 1799 759 1857 libri
785 1799 1070 1874 conspersi
1093 1798 1372 1875 meminit,
1403 1808 1469 1858 ut
1516 1807 1576 1857 et
1603 1799 1965 1874 tabernaculi,
1997 1817 2118 1857 ver.
2150 1802 2245 1873 21,
2278 1799 2562 1876 analogiae
2591 1799 2736 1858 scili.

325 1885 384 1935 et
413 1878 838 1954 consequentiae
865 1877 1085 1937 ratione
1131 1898 1207 1936 ex
1254 1878 1396 1936 Lev.
1442 1879 1564 1938 xvi.
1644 1879 1739 1938 Ita
1785 1879 2039 1957 aspersio
2088 1879 2397 1956 multiplex
2439 1879 2741 1956 sanguinis

328 1955 540 2016 Christi
559 1959 640 2034 fit,
672 1958 730 2016 in
763 1958 963 2034 Cruce,
989 1959 1194 2032 Corde,
1238 1959 1432 2032 VerbO,
1455 1967 1508 2016 ct
1531 1959 1702 2017 Gaelo.
1735 1959 1930 2017 Prima
1947 1967 2026 2017 est
2041 1959 2263 2016 Altaris
2280 1978 2472 2017 coram
2504 1960 2632 2017 Deo
2660 1963 2745 2018 ad

324 2038 698 2112 expiationem
719 2038 858 2113 quia
873 2038 1015 2094 iram
1038 2037 1308 2114 placavit,
1329 2047 1388 2095 et
1409 2037 1654 2114 justitiae
1674 2037 1969 2096 satisfecit.
2004 2037 2286 2110 Secunda,
2316 2039 2527 2114 Populi
2543 2038 2620 2096 ad
2646 2059 2737 2097 re-

324 2117 635 2176 missionem
653 2125 710 2175 et
729 2117 1234 2195 sanctificationem,
1273 2119 1296 2172 1
1331 2117 1455 2174 Pet.
1487 2115 1524 2173 i.
1557 2121 1613 2190 2,
1648 2115 1801 2174 Heb.
1832 2116 1913 2174 ix.
1949 2120 2040 2189 14,
2060 2116 2197 2192 quia
2227 2116 2285 2172 in
2312 2116 2426 2175 isto
2456 2117 2738 2194 sanguine

324 2196 484 2271 pacis
512 2203 571 2254 et
589 2196 834 2272 justitiae
862 2203 1074 2254 nostrae
1102 2194 1232 2252 fons
1260 2203 1348 2254 est
1378 2204 1437 2252 et
1464 2195 1647 2271 origo,
1680 2195 1831 2272 Eph.
1852 2196 1889 2253 i.
1915 2199 1969 2269 7,
1997 2195 2165 2252 Rom.
2196 2215 2254 2253 v.
2290 2197 2341 2270 1,
2378 2198 2406 2253 1
2442 2197 2485 2255 J
2489 2196 2583 2254 oh.
2614 2198 2651 2256 i.
2678 2201 2734 2255 7.

326 2275 538 2350 Tertia,
569 2275 736 2334 Libri
776 2275 910 2351 leqis
935 2274 1011 2333 ad
1019 2274 1448 2351 promissionem
1470 2275 1773 2350 etfoederis
1794 2275 2263 2354 confirmationem
2284 2301 2307 2349 ;
2328 2276 2466 2352 quia
2494 2275 2553 2333 in
2586 2297 2655 2335 eo
2673 2285 2739 2336 ut

325 2354 451 2420 Lex
501 2363 590 2414 est
637 2355 889 2432 impleta,
921 2354 1003 2414 ita
1029 2354 1440 2432 promissiones
1467 2374 1669 2414 omncs
1696 2354 2026 2431 fundantur,
2058 2359 2094 2412 2
2126 2355 2256 2414 Cor.
2286 2355 2324 2414 i.
2356 2359 2451 2415 20.
2498 2356 2732 2432 Quarta,

330 2435 704 2494 Tabernaculi
727 2435 803 2494 ad
839 2437 1307 2495 consecrationem
1349 2435 1488 2513 quia
1527 2437 1721 2495 cultus
1762 2445 1959 2495 noster
1985 2439 2185 2507 λογιιὶς
2212 2435 2314 2513 qui
2340 2457 2443 2514 per
2470 2436 2737 2496 taberna·

325 2515 518 2575 culum
540 2525 599 2576 et
626 2536 768 2575 vasa
795 2515 1133 2594 designatur
1157 2516 1282 2576 Deo
1303 2525 1574 2595 acceptus
1596 2537 1723 2576 esse
1740 2536 1856 2576 non
1878 2525 2071 2594 potest
2096 2517 2209 2575 nisi
2236 2517 2297 2575 in
2326 2517 2539 2576 virtute
2570 2518 2738 2578 satis-

325 2596 592 2656 factionis
621 2597 834 2657 Christi
859 2599 922 2656 in
949 2617 1065 2674 qua
1091 2605 1151 2657 et
1190 2617 1450 2675 personae
1493 2608 1551 2656 et
1579 2617 1753 2675 opera
1780 2605 1978 2657 nostra
2008 2599 2135 2656 Deo
2163 2604 2299 2656 sunt
2327 2605 2509 2674 gmta,
2545 2599 2576 2654 1
2612 2598 2735 2657 Pet.

325 2675 384 2736 ii.
417 2681 472 2754 5,
502 2678 601 2737 vel
627 2679 764 2756 quia
793 2679 1074 2756 sanguine
1118 2678 1332 2737 Christi
1375 2678 1474 2737 via
1515 2679 1576 2736 in
1620 2678 2053 2737 tabernaculum
2085 2676 2318 2736 coeleste
2347 2677 2515 2735 nobis
2542 2687 2739 2755 aperta

326 2765 431 2832 est,
467 2759 618 2817 Heb.
643 2759 724 2816 ix.
749 2762 844 2831 24,
867 2779 924 2817 x.
949 2761 1043 2817 19.
1072 2758 1286 2832 Tertio,
1310 2760 1560 2832 Effectus
1579 2764 1815 2816 notatur
1832 2758 1893 2816 in
1921 2776 2157 2815 accessu
2183 2755 2481 2814 Seniorum
2506 2756 2740 2816 Israelis

326 2836 400 2895 ad
433 2837 638 2912 Deum,
670 2857 842 2914 quem
871 2836 1087 2895 vidisse
1117 2836 1388 2896 dicuntur
1433 2845 1491 2895 et
1533 2834 1852 2894 comedisse
1881 2836 1941 2892 in
1970 2837 2098 2912 ejus
2126 2843 2455 2910 conspectu,
2489 2855 2607 2893 ver.
2643 2838 2736 2894 10.

329 2915 424 2972 Ita
451 2916 665 2975 virtute
693 2915 960 2974 sacrificii
991 2915 1221 2991 Christi,
1255 2917 1416 2975 Deus
1459 2915 1560 2992 qui
1603 2914 1747 2972 alias
1791 2913 2080 2972 hominem
2109 2921 2468 2990 peccatorem
2496 2933 2532 2971 a
2559 2933 2620 2972 se
2646 2935 2736 2974 re-

326 2994 508 3071 pellit,
540 2994 696 3071 quod
725 3015 826 3073 per
851 2994 1221 3053 interdictum
1249 2993 1563 3052 accedendi
1611 2993 1686 3050 ad
1733 3000 1987 3051 montem
2017 2993 2077 3050 in
2104 2993 2319 3051 latione
2349 2991 2526 3068 Legis
2556 2993 2735 3070 signi-

327 3073 623 3148 ficabatur,
655 3073 722 3134 fit
761 3075 930 3133 nobis
973 3073 1055 3132 ita
1097 3072 1380 3151 propitius
1423 3081 1483 3132 et
1524 3072 1805 3150 placatus,
1850 3081 1918 3131 ut
1959 3091 2077 3130 non
2118 3071 2293 3130 modo
2320 3071 2489 3130 nobis
2518 3092 2633 3132 non
2664 3074 2741 3134 sit

327 3153 697 3213 metuendum
727 3154 977 3231 amplius
1004 3173 1076 3210 ne
1104 3153 1432 3226 moriamur,
1461 3162 1529 3212 ut
1565 3153 1628 3210 in
1654 3151 1947 3211 veteribus
1977 3153 2115 3211 olim
2142 3151 2350 3228 visum,
2382 3151 2487 3212 sed
2513 3153 2737 3231 placide

329 3233 616 3313 possimus
645 3234 771 3312 ejus
799 3242 1110 3311 conspectu
1139 3231 1250 3290 frui
1278 3253 1380 3310 per
1399 3233 1590 3307 fidem,
1617 3237 1655 3290 2
1688 3232 1816 3291 Cor.
1847 3231 1927 3291 iii.
1963 3235 2055 3308 18,
2086 3241 2145 3291 et
2171 3233 2451 3292 bonorum
2482 3234 2737 3293 omnium

329 3315 788 3374 communionem
834 3323 894 3372 et
936 3333 1106 3373 usum
1149 3312 1317 3373 nobis
1364 3313 1641 3391 polliceri,
1676 3313 1790 3372 Isa.
1819 3312 1900 3373 lv.
1936 3316 1987 3388 1,
2024 3317 2051 3370 1
2087 3313 2215 3372 Cor.
2246 3313 2327 3373 iii.
2358 3318 2454 3372 21.
2538 3313 2739 3393 Atque

329 3396 466 3455 hinc
495 3395 791 3473 colligitur
817 3394 1126 3454 discrimen
1171 3394 1540 3453 memorabile
1588 3395 1740 3452 inter
1767 3393 1882 3452 duo
1912 3393 2143 3469 foedera,
2178 3395 2386 3470 Leqale
2414 3395 2581 3472 cujus
2610 3416 2738 3473 spe-

331 3477 518 3536 cimen
547 3476 744 3536 datum
767 3475 876 3534 suit
895 3475 956 3532 in
979 3475 1221 3551 repom-la
1243 3473 1314 3534 de
1335 3495 1452 3552 qua
1473 3473 1665 3533 Exod.
1688 3475 1815 3532 xix.
1846 3482 1903 3532 et
1930 3495 2052 3548 xx.,
2078 3485 2137 3533 et
2158 3476 2561 3550 Evangelicum
2583 3476 2741 3552 quod

329 3557 425 3616 hic
471 3555 873 3614 adumbratum
901 3563 1008 3614 est.
1074 3554 1232 3614 Illud
1273 3555 1536 3614 homines
1580 3555 1745 3632 fugat
1789 3562 1848 3613 et
1890 3555 2227 3631 longissime
2271 3575 2306 3612 a
2337 3555 2463 3612 Deo
2490 3556 2737 3634 repellit,

331 3636 522 3695 Exod.
553 3637 676 3694 xix.
719 3639 809 3713 12,
845 3635 1012 3696 Istud
1048 3635 1460 3712 benignissime
1483 3643 1655 3694 vocat
1676 3643 1733 3694 et
1754 3635 2015 3712 proxime
2056 3633 2327 3694 accedere
2350 3633 2503 3710 facit,
2530 3634 2741 3694 Matth.

331 3716 412 3775 xi.
444 3718 539 3791 28,
573 3717 724 3793 Eph.
754 3716 813 3776 ii.
848 3719 939 3791 13,
973 3716 1125 3776 IIeb.
1159 3716 1237 3775 iv.
1272 3718 1363 3775 16.
1449 3713 1610 3774 Illud
1654 3722 1829 3774 terret
1857 3723 1917 3773 et
1943 3723 2289 3791 consternat,
2324 3714 2476 3772 Heb.
2506 3715 2609 3772 xii.
2645 3717 2737 3788 19,

331 3799 428 3870 20,
478 3799 575 3871 21,
623 3796 791 3856 Istud
835 3796 1164 3856 consolatur
1203 3804 1263 3854 et
1289 3795 1478 3872 erigit,
1512 3795 1628 3853 Isa.
1657 3794 1761 3853 lxi.
1796 3797 1849 3870 1,
1880 3799 1937 3871 2,
1969 3795 2138 3852 Rom.
2169 3794 2291 3852 viii.
2325 3795 2376 3870 1,
2413 3795 2505 3852 16.
2582 3794 2745 3854 Illud

332 3875 408 3934 ad
434 3876 748 3935 servitutem
770 3877 952 3936 instar
979 3878 1209 3953 Aqam's,
1236 3875 1404 3935 Istud
1426 3895 1566 3934 vero
1587 3874 1664 3932 ad
1684 3874 1919 3933 modum
1942 3875 2110 3933 Sarae
2136 3873 2211 3932 ad
2239 3874 2543 3932 libertatem
2571 3875 2739 3952 parit,

335 3955 467 4016 Gal.
498 3956 578 4014 iv.
607 3960 704 4030 24,
737 3961 831 4032 25,
863 3961 960 4016 26.
1007 3956 1164 4016 Illud
1191 3957 1359 4014 litera
1403 3964 1491 4014 est
1532 3954 1801 4014 occidens
1831 3962 1889 4012 ct
1914 3953 2294 4013 ministerium
2322 3954 2541 4028 mortis,
2576 3953 2743 4013 Istud

334 4036 570 4114 spiritus
613 4036 916 4096 vivificans
961 4045 1020 4095 et
1063 4035 1442 4095 ministerium
1466 4035 1729 4112 justitiae,
1761 4038 1797 4091 2
1855 4033 1986 4093 Cor.
2032 4033 2113 4091 iii.
2145 4036 2200 4109 6,
2233 4036 2289 4091 7.
2336 4033 2457 4091 Sub
2486 4033 2600 4092 1110
2629 4035 2749 4094 Dei

332 4116 554 4175 Judz'cis
583 4125 952 4194 conspectum
983 4125 1041 4176 et
1068 4136 1272 4175 vocem
1315 4117 1476 4174 homo
1513 4135 1645 4173 reus
1686 4113 1837 4172 ferre
1870 4133 1987 4172 non
2014 4121 2222 4191 potest,
2252 4113 2387 4171 hinc
2414 4113 2516 4172 illa
2543 4115 2743 4191 populi

332 4216 470 4272 vox,
505 4198 542 4228 “
567 4197 727 4254 Deus
753 4217 860 4257 nos
887 4216 1006 4255 non
1033 4195 1280 4272 amplius
1323 4196 1651 4272 alloquatur
1694 4212 1767 4251 ne
1794 4194 2121 4270 moriamur,
2154 4192 2344 4252 Exod.
2374 4211 2477 4251 xx.
2513 4197 2604 4270 19,
2636 4194 2745 4253 sub

337 4277 462 4335 Isto
491 4277 610 4334 Dei
633 4277 828 4335 Patris
857 4296 1057 4336 vocem
1107 4275 1390 4353 intrepide
1435 4282 1680 4351 possunt
1688 4272 1811 4352 filii
1852 4273 2137 4350 excipere,
2168 4281 2227 4332 et
2254 4273 2380 4349 ejus
2408 4273 2662 4349 gratioso
2691 4283 2751 4334 et

333 4355 572 4416 salutari
601 4367 914 4434 conspectu
941 4355 1070 4426 frui,
1105 4354 1294 4415 Exod.
1325 4355 1490 4412 xxiV.
1525 4356 1616 4429 10,
1654 4356 1746 4428 11,
1782 4352 1935 4410 Psal.
1965 4353 2175 4412 lxxxv.
2207 4354 2263 4428 9,
2295 4352 2337 4412 J
2341 4353 2434 4411 oh.
2465 4353 2587 4414 xiv.
2608 4355 2663 4426 9,
2688 4363 2747 4415 et

341 4441 366 4496 1
402 4437 543 4498 Joh.
574 4437 611 4494 i.
647 4440 700 4495 1.
747 4436 864 4496 Sed
893 4437 964 4496 de
992 4436 1085 4494 his
1114 4433 1273 4494 satis.

417 4517 654 4578 XLIV.
701 4517 795 4577 Ita
822 4525 1042 4576 asserta
1069 4513 1368 4576 sententiae
1397 4521 1608 4572 nostrae
1638 4512 1899 4587 veritate,
1932 4511 2355 4590 subjiciendum
2383 4513 2583 4591 paucis
2611 4515 2753 4592 quid

336 4598 579 4658 afferant
623 4597 696 4656 ad
747 4597 1237 4658 confirmationem
1283 4615 1402 4654 suae
1451 4593 1787 4652 adversarii.
1836 4593 1933 4651 Sic
1974 4613 2115 4651 vero
2159 4593 2245 4652 illi
2292 4603 2559 4672 arguunt,
2606 4595 2755 4654 Rem

337 4679 795 4756 adumbrantem,
826 4679 908 4738 rei
937 4676 1292 4738 adumbratae
1319 4673 1669 4753 respondere
1698 4682 1941 4752 oportet,
1976 4673 2161 4751 Atqui
2192 4675 2471 4732 sacrificia
2497 4675 2751 4752 privato-
