3234 5192
501 345 615 401 132
1286 362 1365 401 ns
1394 360 1758 402 Necessariis
1793 362 2142 404 ssesssloss
2553 342 2813 425 [ms-rer.
2839 368 2922 408 vr.

496 502 868 579 proponitur3
914 522 1043 562 cum
1072 504 1197 562 haec
1226 504 1622 581 interpretatio
1651 504 1872 562 nullum
1917 505 1978 562 in
2031 504 2328 582 Scriptura
2355 505 2793 565 fundamentum
2821 509 2924 567 ha-

498 581 648 657 beat,
680 582 904 642 nullum
933 584 992 641 in
1024 584 1257 643 Patrum
1288 584 1678 643 monumentis
1705 584 2036 662 vestigium,
2087 586 2250 643 nulla
2295 586 2580 643 rationum
2610 598 2918 663 momenta,

500 662 603 721 sed
628 684 817 722 meras
847 666 1209 741 conjecturas
1232 674 1291 723 et
1318 684 1499 723 vanas
1528 664 1935 723 divinationes,
1999 664 2172 724 Unde
2199 666 2424 724 Lessius
2451 666 2593 742 ipse,
2626 666 2764 724 dum
2793 688 2922 727 eam

498 744 898 803 commendare
928 745 1139 821 studet,
1170 744 1317 802 nihil
1342 744 1545 803 afferre
1574 744 1779 821 potuit,
1809 745 1924 803 nisi
1952 745 2110 822 quod
2137 766 2248 804 non
2284 747 2440 804 dehet
2481 746 2656 803 alicui
2681 746 2923 809 incredi-

497 824 619 881 bilis
634 825 819 883 videri
843 826 903 882 in
933 825 1120 901 Apoc.
1154 845 1203 883 c.
1235 825 1380 883 xvii.
1410 833 1469 882 et
1492 824 1657 882 xviii.
1744 824 1828 883 At
1855 844 1970 883 non
2014 826 2305 902 quaeritur,
2337 846 2412 883 an
2440 825 2652 883 factum
2683 826 2922 903 aliquod

497 924 615 963 non
644 904 958 963 incredible
988 905 1197 963 debeat
1225 904 1426 977 videri,
1459 904 1562 963 sed
1590 924 1666 961 an
1694 903 1924 981 probari
1951 905 2144 982 aliquo
2163 914 2501 983 argumento
2522 907 2708 981 possit
2733 908 2926 984 reipsa

499 983 832 1059 contigisse.
921 983 1008 1042 At
1036 984 1188 1042 unde
1214 983 1543 1061 probabunt
1570 984 1754 1059 nobis,
1789 985 2034 1043 Romam
2085 985 2192 1044 sub
2237 984 2600 1044 Antichristo
2629 986 2704 1044 ad
2733 988 2919 1046 ethni-

498 1063 742 1121 cismum
769 1082 1131 1122 reversuram
1151 1066 1179 1122 Ρ
1263 1065 1391 1122 Imo
1420 1084 1609 1123 nonne
1641 1062 1964 1141 Apostolus
1993 1074 2236 1123 testatur
2269 1066 2674 1123 Antichristum
2701 1067 2758 1125 in
2787 1076 2922 1126 tem-

488 1146 595 1220 plo
621 1143 748 1220 Dei,
772 1143 833 1201 id
862 1152 951 1203 est
980 1143 1259 1219 Ecclesia,
1290 1164 1587 1221 sessurum,
1618 1144 1778 1221 quod
1806 1144 1921 1203 dici
1951 1164 2064 1204 non
2083 1154 2294 1222 posset,
2327 1145 2377 1203 si
2405 1145 2479 1203 ad
2513 1146 2920 1206 ethnicismum

502 1224 609 1282 sub
639 1242 706 1282 eo
734 1222 1031 1301 relapsura
1058 1228 1229 1283 erat?
1314 1224 1471 1283 Hinc
1499 1224 1760 1302 plerique
1789 1244 1864 1283 ex
1896 1224 2216 1284 Pontificiis
2243 1226 2352 1283 hoc
2370 1233 2649 1301 respuunt
2674 1228 2919 1303 figmen-

500 1312 641 1379 tum,
664 1312 785 1364 tum
809 1304 852 1364 J
854 1304 1177 1364 ustinianus
1206 1305 1266 1363 in
1294 1308 1331 1363 2
1362 1305 1570 1364 Thess.
1592 1304 1674 1380 ii„
1693 1304 1796 1363 ubi
1823 1304 1896 1363 de
1913 1324 1983 1363 eo
2001 1304 2159 1380 dicit,
2187 1306 2343 1372 Quid
2359 1306 2461 1363 lzoc
2483 1315 2562 1363 est
2588 1326 2758 1382 quam
2779 1308 2916 1366 divi-

498 1405 643 1443 nare
659 1388 687 1442 3
772 1386 985 1445 Suarez
1014 1406 1060 1443 s.
1094 1389 1146 1461 7,
1183 1387 1274 1461 10,
1320 1388 1457 1444 Non
1482 1386 1642 1445 video
1669 1387 1817 1443 unde
1835 1386 2084 1461 probari
2095 1385 2295 1461 possit.
2397 1385 2715 1445 Malvenda
2741 1396 2806 1446 ut
2832 1388 2918 1445 in·

500 1465 835 1525 credibilem
864 1466 1222 1541 detestatur3
1256 1466 1506 1524 Alcazar
1532 1466 1593 1523 in
1624 1464 1778 1543 Apo.
1809 1464 1954 1524 xvii.
1985 1473 2044 1523 et
2071 1465 2236 1523 xviii.
2267 1464 2342 1523 ad
2371 1485 2470 1524 eos
2497 1467 2739 1525 accedit.

584 1546 764 1605 XIV.
824 1546 956 1604 Hoc
985 1566 1123 1605 vero
1154 1546 1331 1603 semel
1378 1544 1585 1623 posito,
1635 1545 1880 1604 Romam
1924 1545 2310 1604 Christianam
2340 1555 2398 1604 et
2428 1546 2790 1605 Pontificiam
2823 1547 2919 1606 hic

500 1625 815 1697 commta-ri,
860 1626 1265 1701 inquirendum
1287 1626 1411 1702 jam
1456 1632 1545 1683 est
1584 1624 1846 1699 ulterius,
1878 1644 2055 1702 quare
2087 1624 2338 1702 Spiritus
2370 1625 2429 1683 S.
2461 1626 2569 1684 sub
2599 1626 2922 1703 Babylonis

500 1705 733 1763 nomine
776 1705 933 1762 illam
978 1705 1303 1763 describere
1345 1704 1612 1779 voluerit,
1645 1712 1705 1763 et
1732 1724 1863 1781 quae
1893 1705 1969 1763 sit
1996 1704 2166 1763 istius
2191 1704 2501 1763 locutionis
2529 1706 2676 1765 ratio
2703 1715 2763 1765 et
2789 1706 2917 1766 fun-

502 1784 854 1844 damentum.
902 1786 1113 1859 Primo,
1144 1786 1354 1843 mirum
1371 1784 1557 1842 videri
1582 1804 1702 1841 non
1723 1784 1897 1843 debet
1919 1784 1970 1843 si
1990 1784 2352 1862 aenigmatice
2375 1795 2434 1845 et
2461 1784 2706 1863 figurate
2731 1786 2918 1865 loqui·

502 1872 613 1940 tur,
660 1884 789 1923 cum
816 1865 913 1922 hic
940 1884 1058 1922 non
1085 1864 1385 1923 historiam
1418 1863 1650 1939 scribat,
1695 1864 1799 1923 sed
1838 1864 2216 1942 prophetiam,
2261 1884 2392 1941 quae
2435 1865 2732 1925 obscurior
2773 1868 2922 1927 solet

504 1964 647 2017 esse,
680 1952 738 2003 et
766 1943 943 2003 variis
980 1946 1297 2021 figurarum
1338 1944 1656 2003 involucris
1697 1952 1869 2003 tecta.
1931 1945 2026 2003 Ita
2057 1952 2250 2003 tamen
2279 1946 2472 2004 velata
2499 1955 2589 2005 est
2615 1956 2675 2005 et
2702 1956 2918 2023 operta,

503 2032 569 2084 ut
596 2026 933 2101 mysterium
964 2026 1071 2083 sub
1099 2025 1209 2083 hoc
1236 2024 1370 2084 velo
1403 2024 1591 2083 latens
1633 2024 1886 2101 penitius
1925 2044 2046 2083 rem
2091 2024 2412 2085 attendenti
2439 2046 2556 2084 non
2584 2025 2816 2086 difficile
2845 2028 2922 2087 sit

504 2124 835 2183 agnoscere,
878 2105 1110 2183 quando
1153 2111 1315 2164 tanta
1354 2113 1443 2163 est
1484 2104 1636 2163 inter
1679 2104 1924 2163 Romam
1969 2114 2028 2163 et
2067 2104 2430 2182 Babylonem
2475 2106 2810 2182 similitudo,
2855 2118 2920 2167 ut

503 2206 719 2245 caecum
737 2206 862 2245 esse
885 2194 1161 2263 oporteat,
1182 2186 1285 2261 qui
1305 2204 1429 2243 eam
1459 2204 1575 2242 non
1604 2184 1783 2243 videt.
1842 2184 2136 2243 Audiatur
2156 2185 2254 2243 vel
2275 2205 2424 2244 unus
2447 2186 2686 2246 Orosius
2714 2188 2915 2247 histor.

501 2266 605 2326 lib.
636 2267 696 2324 ii.
720 2287 843 2345 cap.
876 2270 931 2325 2.
966 2269 1001 2299 ‘⁴
1022 2265 1233 2339 Ecce,”
1264 2265 1468 2341 inquit,
1504 2266 1541 2297 “
1563 2265 1769 2323 similis
1800 2264 2141 2341 Babyloniae
2169 2274 2330 2324 ortus
2359 2275 2419 2324 et
2447 2266 2668 2339 Romae,
2713 2268 2918 2328 similis

504 2347 777 2423 potentia,
827 2347 1031 2405 similis
1076 2344 1431 2421 magnitudO,
1478 2344 1691 2403 similia
1729 2353 2006 2422 tempora,
2053 2344 2264 2403 similia
2289 2345 2460 2421 bona,
2507 2346 2718 2405 similia
2745 2349 2914 2422 mala,

505 2424 613 2484 &Q
660 2426 929 2503 Babylon
958 2446 1027 2484 eo
1056 2444 1205 2483 anno
1252 2425 1359 2483 sub
1405 2423 1676 2501 praefecto
1719 2423 1978 2485 Arbacto
2021 2424 2378 2485 dehonorata
2421 2434 2528 2502 est,
2572 2447 2688 2504 quo
2731 2428 2920 2487 Roma

506 2506 614 2563 sub
646 2506 829 2564 Proco
857 2526 1011 2583 rege,
1043 2514 1108 2564 ut
1135 2505 1361 2582 proprie
1404 2504 1669 2579 dixerim,
1716 2505 1996 2563 seminata
2023 2514 2149 2581 est;
2197 2506 2466 2582 Babylon
2507 2508 2820 2567 novissime
2849 2528 2918 2569 eo

504 2594 759 2662 tempore
778 2606 813 2643 a
832 2587 983 2664 Cyro
1012 2606 1149 2662 rege
1179 2584 1473 2657 subversa,
1504 2604 1622 2660 quo
1650 2585 1898 2661 primum
1929 2585 2116 2643 Roma
2153 2605 2188 2644 a
2225 2585 2669 2662 Tarquiniorum
2713 2608 2917 2666 regum

504 2665 894 2725 dominatione
922 2666 1165 2725 liberata
1192 2674 1299 2724 est.
1388 2663 1686 2741 Siquidem
1717 2664 1826 2724 sub
1853 2684 1970 2723 una
1997 2665 2314 2742 eademque
2343 2666 2746 2727 convenientia
2773 2678 2916 2727 tem-

502 2766 709 2824 porum
736 2745 837 2806 illa
865 2746 1089 2821 cecidit,
1116 2747 1227 2805 ista
1254 2743 1505 2804 surrexit
1528 2766 1541 2819 ;
1588 2743 1690 2802 illa
1717 2752 1856 2804 tunc
1884 2746 2049 2822 quasi
2077 2746 2328 2805 moriens
2357 2745 2576 2807 dimisit
2615 2747 2917 2808 haeredita-

504 2836 638 2902 tem,
683 2828 809 2887 haec
853 2847 991 2887 vero
1032 2827 1392 2906 pubescens;
1436 2833 1576 2884 tunc
1606 2825 1860 2885 Orientis
1901 2825 2114 2886 occidit
2153 2825 2472 2903 imperium,
2518 2836 2578 2886 et
2619 2836 2806 2887 ortum
2829 2840 2920 2891 est

505 2908 896 2969 Occidentis.''

586 2989 731 3048 XV.
794 2990 908 3051 Sed
938 2998 1001 3049 ut
1027 2990 1139 3050 hoc
1168 2989 1378 3049 clarius
1425 2994 1638 3067 pateat,
1680 2988 1946 3067 quaedam
1983 2986 2306 3049 collationis
2347 2987 2540 3065 capita
2578 2986 2917 3065 attingenda

504 3078 673 3146 sunt;
718 3090 835 3129 non
864 3079 981 3130 tam
1012 3090 1081 3129 ea
1107 3091 1237 3148 quae
1278 3069 1436 3129 urbis
1480 3069 1936 3147 magnitudinem
1987 3078 2046 3127 et
2089 3068 2351 3146 gloriam,
2397 3087 2570 3144 quam
2613 3089 2742 3145 quae
2782 3089 2914 3146 pec·

504 3156 635 3206 cata
676 3158 734 3207 et
774 3170 974 3225 poenas
1024 3160 1302 3227 spectant.
1409 3150 1600 3208 Multa
1644 3148 1878 3226 quidem
1925 3148 2204 3207 Ecclesiae
2249 3148 2323 3207 ab
2367 3148 2494 3224 ejus
2549 3148 2916 3209 incunabulis

504 3227 717 3284 damna
738 3236 871 3285 sunt
894 3248 927 3284 a
948 3229 1163 3286 mundo
1186 3230 1381 3287 illata:
1408 3230 1728 3306 AEgyptus‚
1759 3237 2090 3288 nascentem
2110 3228 2417 3305 suffocare3
2444 3228 2730 3305 Babylon,
2753 3229 2914 3288 adul-

504 3313 623 3361 tam
654 3306 971 3381 opprimere
1000 3316 1059 3365 et
1096 3326 1491 3383 corrumpere3
1538 3308 1884 3382 Antiochus,
1926 3316 2260 3385 provectam
2305 3308 2646 3385 extinguere
2691 3310 2916 3370 connisi

504 3392 657 3442 sunt.
766 3384 883 3442 Sed
929 3404 1058 3460 quae
1108 3385 1379 3443 distincta
1425 3385 1657 3445 fuerunt
1703 3396 2025 3463 temporum
2076 3388 2399 3447 intervallis
2492 3389 2915 3448 ersecutionum

504 3463 788 3542 exempla,
833 3463 1041 3537 omnia,
1070 3472 1137 3523 ut
1165 3464 1354 3523 solent
1378 3465 1563 3524 morbi
1607 3483 1810 3523 omnes
1835 3466 1894 3523 in
1925 3476 2278 3528 senectutem
2321 3488 2430 3527 con
2476 3488 2624 3545 uere,
2669 3469 2916 3530 collecta

503 3544 565 3601 in
595 3542 873 3603 Ecclesiae
902 3543 1273 3602 novissimam
1306 3552 1531 3603 aetatem
1560 3544 1937 3621 ingruerunt:
1980 3546 2194 3624 quippe
2222 3548 2378 3625 quod
2407 3549 2632 3608 saevitia
2659 3549 2912 3609 Pharao-

504 3624 611 3700 nis,
658 3622 841 3683 fastus
888 3623 1223 3699 Babylonis,
1270 3623 1549 3683 Antiochi
1576 3623 1734 3682 furor
1773 3624 2196 3703 designaverat,
2237 3627 2312 3686 ad
2351 3629 2524 3688 unius
2566 3628 2916 3691 Antichristi

504 3704 961 3782 componendam
1010 3704 1423 3763 immanitatem
1472 3708 1695 3763 coeunt.
1799 3704 1956 3764 Hinc
1999 3705 2129 3782 ejus
2177 3706 2362 3783 sedes,
2412 3709 2586 3769 modo
2629 3713 2914 3787 AEyyptus

502 3793 737 3862 propter
780 3784 1075 3843 servitutis
1118 3782 1405 3857 duritiem,
1456 3784 1630 3842 modo
1673 3784 1924 3844 Sodoma
1967 3784 2193 3860 dicitur,
2243 3796 2476 3865 propter
2518 3790 2912 3868 impuritatum

502 3864 840 3941 foeditatem,
886 3864 1072 3942 Apoc.
1113 3864 1193 3923 xi.
1246 3866 1300 3922 8.
1385 3864 1546 3923 Vicit
1588 3872 1784 3922 tamen
1828 3872 2035 3923 caetera
2077 3866 2386 3941 Babylonis
2428 3887 2656 3929 nomen.
2763 3871 2913 3930 Nam

502 3946 633 4005 aliae
664 3966 798 4005 suas
828 3953 998 4020 artes,
1024 3964 1157 4004 suas
1186 3944 1467 4003 scelerum
1495 3943 1711 4003 formas
1737 3942 1983 4021 singulae
2011 3944 2394 4021 contulerunt,
2433 3948 2705 4027 Babylon
2732 3951 2912 4029 impe-

502 4026 669 4101 rium,
716 4034 1042 4103 statumque
1071 4044 1199 4083 cum
1246 4023 1523 4082 Ecclesiae
1566 4023 1901 4100 captivitate
1943 4024 2250 4101 conjunxit
2275 4034 2335 4084 et
2361 4026 2654 4104 produxit.
2738 4030 2914 4090 Adde

501 4106 659 4183 quod
702 4126 991 4183 germanae
1032 4106 1331 4179 utriusque
1360 4102 1541 4177 dotes,
1573 4103 1837 4179 tyrannis
1879 4112 1940 4163 et
1987 4104 2352 4166 idolomania.
2438 4108 2708 4168 Omnium
2757 4120 2911 4169 utra-

500 4206 613 4263 que
660 4186 1071 4245 scortationum
1114 4183 1450 4260 metropolis
1476 4192 1537 4242 et
1563 4182 1874 4259 impietatis
1919 4182 2163 4244 officina.
2259 4187 2392 4248 Hoc
2439 4188 2712 4249 differunt
2755 4190 2914 4266 quod

500 4266 697 4340 altera,
729 4284 1032 4342 corporum
1060 4262 1240 4322 exitio
1268 4270 1503 4338 attenta,
1526 4262 1871 4322 carnificinae
1899 4272 1958 4323 et
1985 4266 2214 4326 excidio
2241 4268 2561 4327 animarum
2605 4288 2722 4327 non
2765 4268 2912 4328 adeo

500 4343 723 4403 intenta
766 4344 892 4403 fuit.
980 4344 1095 4401 Hic
1146 4342 1387 4401 Nimrod
1434 4343 1726 4413 robustus,
1749 4344 2067 4405 animarum
2106 4357 2364 4407 venator.
2467 4348 2625 4405 Hinc
2671 4347 2907 4423 linguae,

498 4422 749 4499 fideique
778 4431 991 4481 sanctae
1018 4430 1155 4481 nata
1181 4421 1417 4498 oblivio,
1442 4432 1500 4483 et
1519 4424 1776 4482 omnium
1805 4424 2135 4504 linguarum
2157 4447 2224 4485 ac
2245 4446 2434 4487 rerum
2461 4425 2744 4501 processit
2771 4445 2907 4483 con·

498 4500 667 4560 fusio.
755 4502 910 4560 Hinc
966 4502 1257 4562 barbaries
1312 4503 1373 4561 in
1414 4503 1756 4581 religionem
1797 4502 2002 4581 infusa,
2033 4506 2251 4565 veritas
2293 4524 2582 4582 oppressa,
2627 4505 2908 4582 templum

502 4582 613 4641 Dei
642 4579 956 4641 foedissima
982 4581 1309 4643 idololatria
1334 4584 1637 4662 pollutum,
1681 4584 1882 4644 divina
1907 4586 2140 4662 pietatis
2167 4586 2561 4658 instrumenta,
2591 4584 2914 4645 miserrima

498 4662 832 4742 captivitate
874 4664 971 4723 vel
1020 4663 1261 4742 sepulta,
1306 4665 1401 4724 vel
1430 4664 1504 4725 ad
1531 4666 1782 4724 nefarios
1829 4673 1889 4724 et
1932 4665 2201 4742 profanos
2227 4682 2368 4723 usus
2395 4662 2676 4742 traducta,
2722 4684 2910 4725 sacra·
