3234 5192
277 368 509 412 mssu'r.
552 348 713 432 xlm]
931 366 1009 407 ns
1041 366 1516 409 sarrsrncrloms
1544 366 1784 409 oumsrr
1811 368 2133 410 vamum.
2581 354 2698 411 479

276 511 607 590 quentibus.
651 509 855 587 Neque
884 508 1233 567 contrarium
1262 514 1455 587 potest
1481 508 1676 569 evinci
1691 528 1768 567 ex
1785 508 1932 567 locis
1951 508 2144 567 allatis
2167 530 2182 585 3
2206 528 2340 567 nam
2359 510 2434 567 ad
2451 512 2700 588 primum

278 590 437 670 quod
462 590 687 665 attinet,
723 592 753 647 1
788 590 937 665 Reg.
987 588 1111 647 xiv.
1162 590 1255 663 16,
1304 588 1430 647 sive
1476 608 1581 665 per
1625 590 1661 621 “
1682 597 1920 665 peecata
1945 588 2049 647 illa
2075 588 2120 648 J
2121 588 2446 647 eroboami”
2469 598 2704 682 propter

280 692 411 750 quse
439 670 755 730 traditurus
784 678 909 728 erat
951 669 1113 727 Deus
1142 668 1437 743 Israelem,
1465 668 1862 746 intelligamus
1887 675 2128 746 peccata
2153 668 2492 727 Jeroboam1
2519 668 2704 745 ipsius

282 752 383 829 qui
410 750 653 828 turpiter
674 770 710 808 a
739 748 867 808 Deo
886 748 1191 822 defecerat,
1217 748 1343 807 sive
1360 768 1546 827 genus
1566 749 1758 826 ipsum
1778 747 2019 825 peccati,
2051 747 2450 807 Idololatriam
2481 748 2703 808 scilicet

282 834 447 910 cujus
495 830 704 889 author
728 829 944 907 populo
988 828 1176 887 fuerat
1218 828 1262 887 J
1264 829 1624 903 eroboamus,
1665 827 1824 907 quod
1849 835 2054 887 notant
2081 828 2398 905 sequentia,
2431 829 2470 863 “
2489 828 2704 905 quibus

282 911 547 989 peccavit
574 918 633 969 et
658 929 897 987 peccare
925 907 1063 967 fecit
1091 908 1428 983 Israelem‚”
1458 910 1585 967 haec
1612 908 1767 967 enim
1795 908 1988 967 verior
2013 916 2074 969 et
2100 908 2456 967 commodior
2481 916 2572 967 est
2599 926 2700 967 ex-

284 992 495 1070 positio
522 1010 697 1068 quam
725 989 907 1049 altera
940 988 1137 1048 Socini
1164 987 1303 1047 dum
1330 988 1507 1047 vertit
1535 990 1571 1021 “
1590 989 1692 1066 qui
1719 988 1985 1066 peccavit
2009 996 2069 1047 et
2094 1007 2332 1065 peccare
2360 986 2548 1062 fecit,’‘
2577 989 2702 1047 sive

284 1080 611 1147 utrumque,
644 1070 803 1147 quod
834 1068 1069 1127 omnino
1097 1067 1293 1127 verius
1322 1075 1427 1143 est,
1452 1069 1918 1145 complectamur,
1949 1088 2068 1127 non
2089 1067 2302 1128 desinit
2321 1076 2516 1127 tamen
2533 1087 2709 1127 causa

284 1151 597 1228 impulsiva
623 1149 719 1207 hic
747 1149 939 1208 locum
964 1147 1196 1217 habere,
1227 1166 1363 1205 nam
1398 1156 1702 1225 peccatum
1743 1146 1888 1207 illud
1935 1149 2104 1225 cujus
2145 1148 2354 1208 author
2381 1155 2504 1207 erat
2531 1148 2575 1207 J
2577 1167 2702 1207 ero·

283 1231 545 1304 boamus,
588 1237 649 1288 et
688 1229 944 1287 imitator
970 1227 1237 1304 populus,
1268 1227 1595 1287 traditionis
1623 1228 1795 1286 istam
1822 1246 2053 1304 poenam
2096 1228 2328 1286 omnino
2357 1229 2702 1301 merebatur,

288 1310 443 1369 unde
496 1310 657 1368 Deus
695 1308 829 1385 jure
876 1307 1153 1385 populum
1198 1306 1353 1366 hunc
1380 1315 1441 1367 et
1466 1314 1702 1385 propter
1742 1326 1848 1365 sua
1885 1315 1944 1366 et
1983 1314 2218 1384 propter
2250 1306 2442 1365 aliena
2541 1314 2705 1366 ccata

287 1408 534 1467 quorum
562 1388 815 1447 imitator
843 1395 967 1446 erat
992 1386 1279 1463 castigare
1306 1387 1512 1465 potuit,
1542 1406 1732 1465 neque
1757 1386 1967 1445 mirum
2007 1387 2119 1445 hoc
2163 1385 2350 1445 videri
2391 1385 2464 1445 de
2541 1394 2566 1445 t
2605 1395 2708 1445 aut

287 1468 587 1527 insolitum
616 1466 1006 1542 AdversariiS,
1038 1486 1169 1526 cum
1199 1475 1259 1527 et
1297 1467 1413 1545 ipsi
1438 1465 1731 1526 fateantur
1759 1469 1796 1500 ‘⁴
1821 1466 2024 1525 Puniri
2051 1466 2302 1543 aliquem
2330 1484 2502 1543 posse
2531 1466 2706 1525 etiam

290 1549 367 1608 ob
436 1556 637 1607 eccata
664 1546 852 1607 aliena
879 1545 1197 1607 dummodo
1226 1548 1413 1625 culpae
1440 1546 1507 1607 fit
1533 1546 1780 1622 affinis,’'
1815 1546 1968 1607 Soci.
1995 1545 2099 1604 lib.
2131 1546 2192 1605 ii.
2221 1566 2347 1623 cap.
2379 1550 2435 1604 7.

446 1628 564 1687 IX.
608 1627 781 1687 Alter
827 1646 969 1687 vero
1010 1646 1185 1705 quem
1228 1636 1441 1706 urgent
1481 1628 1648 1687 locus
1693 1634 1920 1686 tantum
1967 1625 2132 1685 abest
2171 1634 2238 1685 ut
2277 1645 2468 1685 causas
2507 1644 2707 1685 eorum

289 1710 483 1768 faveat
508 1716 575 1769 ut
602 1708 796 1787 potius
822 1716 1081 1767 nostram
1122 1728 1239 1766 non
1276 1728 1480 1785 parum
1515 1708 1705 1785 juvet,
1745 1726 1882 1765 nam
1929 1705 2069 1765 dum
2118 1707 2200 1765 ait
2250 1706 2494 1782 Psaltes,
2549 1706 2706 1765 Psal.

292 1789 503 1849 xxxix.
537 1792 628 1864 11,
684 1790 721 1821 “
741 1789 813 1846 Ιιι
856 1787 1351 1867 increpationibus
1378 1796 1617 1866 propter
1641 1787 2006 1864 iniquitatem
2035 1786 2365 1865 corripuisti
2392 1786 2704 1864 aliquem,”

292 1868 370 1927 id.
400 1870 449 1927 si
477 1869 717 1947 corripis
763 1868 946 1944 inum,
995 1868 1331 1945 “liquefieri
1356 1868 1545 1927 fecisti
1590 1875 1658 1928 ιιι
1695 1867 1910 1927 tineam
1952 1866 2302 1926 desiderium
2345 1867 2531 1945 ejus,”
2562 1866 2709 1925 nihil

292 1948 453 2007 aliud
480 1949 592 2007 sibi
618 1949 747 2007 vult
773 1968 948 2025 quam
975 1948 1025 2008 si
1057 1948 1219 2007 Deus
1240 1968 1315 2007 ex
1342 1948 1533 2023 rigore
1556 1947 1802 2025 justitiae
1821 1954 2102 2025 quantum
2129 1953 2382 2007 meretur
2407 1954 2708 2025 peccatum

291 2029 495 2106 punire
524 2029 851 2106 quempiam
900 2030 1061 2101 velit,
1108 2035 1471 2106 peccatorem
1516 2027 1589 2085 de
1632 2026 1824 2085 medio
1853 2027 2050 2086 statim
2077 2027 2368 2086 sublatum
2399 2026 2488 2101 iri,
2519 2045 2708 2102 neque

292 2110 475 2167 vitam
516 2109 699 2184 ipsam
740 2109 963 2165 hom1n1
1003 2106 1093 2165 1111
1117 2106 1359 2165 vitalem
1386 2106 1525 2180 fore,
1556 2124 1674 2181 qua
1699 2106 1920 2164 ratione
1951 2104 2148 2163 David
2173 2112 2240 2163 ut
2267 2105 2408 2163 alibi
2435 2124 2553 2163 non
2579 2124 2710 2163 raro

297 2188 489 2246 Deum
516 2186 591 2246 ad
618 2186 1045 2245 miserationem
1094 2186 1225 2244 vult
1271 2204 1607 2261 permovere
1647 2192 1714 2244 ut
1757 2185 1808 2242 si
1853 2185 2136 2261 castigare
2165 2184 2310 2243 velit
2337 2183 2582 2261 castiget
2607 2204 2712 2261 pa-

295 2276 459 2326 terne
487 2274 545 2324 et
572 2265 866 2324 moderate
914 2265 1099 2341 virgis
1144 2264 1413 2323 humanis
1456 2284 1533 2323 ex
1579 2262 1992 2339 misericordia,
2023 2262 2244 2323 ratione
2271 2263 2472 2322 habita
2496 2272 2712 2323 nostrae

296 2345 665 2421 infinnitatis,
696 2365 813 2403 non
842 2344 1028 2423 rigide
1056 2353 1116 2405 et
1143 2364 1344 2411 severe
1386 2364 1462 2403 ex
1495 2344 1728 2421 justitia
1769 2342 2086 2403 secundum
2127 2343 2318 2422 ipsum
2357 2343 2582 2422 peccati
2610 2343 2709 2403 de·

298 2426 586 2502 meritum,
618 2434 700 2502 ut,
734 2426 889 2485 Psal.
914 2446 1111 2501 cxxx„
1146 2428 1183 2460 “
1204 2424 1469 2502 Domine,
1496 2424 1545 2484 si
1566 2424 1902 2504 iniquitates
1923 2424 2324 2485 observaveris
2345 2424 2476 2504 quis
2499 2424 2716 2484 stabit?

300 2506 405 2567 sed
432 2506 587 2585 apud
616 2514 672 2566 te
700 2507 873 2565 venia
901 2515 990 2566 cst
1016 2514 1081 2567 ut
1110 2506 1379 2566 colariS.'’
1466 2506 1751 2567 Caeterum
1779 2504 1937 2584 quod
1965 2504 2282 2583 subjiciunt
2323 2525 2440 2564 non
2483 2524 2712 2563 omnem

298 2607 527 2665 poenam
556 2606 683 2647 esse
712 2586 1180 2663 satisfactionem,
1223 2606 1332 2647 nec
1373 2606 1601 2647 omnem
1643 2586 2202 2646 animadversionem
2228 2605 2476 2664 poenam,
2508 2584 2714 2645 damus

298 2667 548 2728 libenter
574 2668 637 2727 in
662 2668 993 2728 hominibus
1014 2667 1206 2745 merie,
1226 2688 1362 2727 nam
1384 2675 1443 2727 et
1468 2666 1633 2745 impii
1653 2668 1972 2745 puniuntur
1987 2686 2096 2724 nec
2117 2665 2484 2725 satisfaciunt
2497 2672 2712 2741 tamen,

300 2756 359 2809 et
384 2748 467 2826 pii
495 2749 854 2825 castigantur
880 2749 981 2825 qui
1008 2768 1125 2807 non
1152 2748 1472 2825 puniuntur
1518 2754 1858 2824 propterea;
1903 2744 2190 2822 siquidem
2231 2744 2486 2822 peccatis
2515 2764 2714 2803 eorum

302 2829 481 2887 semel
509 2828 849 2887 condonatis
874 2847 993 2886 non
1021 2826 1270 2903 amplius
1296 2826 1419 2887 ulla
1446 2834 1708 2903 superest
1734 2825 1851 2883 illis
1893 2823 2131 2882 ferenda
2171 2824 2576 2883 condemnatio
2615 2822 2716 2881 vel

300 2926 509 2984 poena,
554 2915 614 2965 et
642 2907 691 2964 si
718 2906 887 2965 malis
914 2912 1309 2980 exerceantur,
1352 2924 1523 2982 porro
1564 2902 1904 2962 afflictiones
1929 2902 2046 2959 illae
2071 2920 2192 2959 non
2219 2902 2294 2959 ad
2321 2920 2570 2979 poenam,
2611 2900 2716 2960 sed

301 2987 399 3043 vel
425 2986 501 3043 ad
526 2984 790 3065 μςτῦςιοι
827 2984 925 3043 vel
968 2981 1263 3058 δοκιμασίαν
1302 2982 1401 3041 vel
1442 2979 1669 3041 πωὶιίαι
1713 3001 1750 3039 a
1791 2982 1918 3039 Deo
1945 2979 2314 3039 misericorde
2349 2979 2714 3057 diriguntur:

309 3063 428 3123 Sed
465 3072 733 3141 respectu
770 3063 987 3121 Christi
1012 3064 1129 3121 alia
1154 3062 1325 3140 plane
1352 3081 1446 3121 res
1474 3070 1579 3137 est,
1609 3081 1744 3119 nam
1771 3060 1868 3119 hic
1894 3078 2004 3119 nec
2030 3059 2334 3138 castigatio
2363 3079 2398 3118 a
2423 3079 2598 3137 poena
2623 3078 2713 3119 se-

298 3143 473 3221 jungi
500 3150 709 3221 potest,
739 3142 952 3220 quippe
980 3162 1088 3201 nec
1128 3140 1303 3201 venia
1342 3141 1467 3201 ulla
1508 3159 1784 3201 concessa
1812 3139 2043 3198 Christo
2070 3138 2301 3217 legitur,
2331 3148 2398 3200 ιιι
2423 3139 2712 3217 fidelibus,

306 3244 415 3283 nec
442 3244 478 3282 a
508 3224 698 3299 Patre,
743 3230 810 3282 ut
849 3222 978 3300 ipsi,
1000 3222 1319 3300 castigatus
1346 3230 1437 3281 est
1464 3240 1539 3281 ex
1570 3240 1765 3280 amore
1794 3227 1854 3279 et
1879 3219 2290 3297 misericordia,
2335 3220 2490 3281 Heb.
2521 3220 2623 3279 xii.
2655 3224 2712 3298 6,

308 3305 411 3365 sed
438 3304 514 3363 ab
542 3324 611 3363 eo
638 3314 705 3363 ut
730 3304 775 3364 J
776 3301 945 3364 udice
974 3323 1049 3363 ex
1078 3301 1311 3381 justitia
1349 3308 1585 3380 propter
1633 3320 1805 3379 quam
1847 3299 2179 3360 maledictio
2205 3300 2418 3362 dicitur
2443 3302 2630 3361 factus
2657 3310 2722 3363 et

305 3392 642 3463 peccatum:
700 3404 808 3444 nec
855 3402 997 3443 vero
1042 3402 1217 3461 poena
1258 3402 1295 3441 a
1336 3382 1730 3444 satisfactione
1777 3380 1998 3457 divelli,
2041 3400 2174 3441 cum
2221 3402 2350 3442 eam
2393 3382 2476 3443 ita
2518 3382 2719 3442 tulerit

310 3466 573 3526 Christus
600 3464 933 3543 plenissime
972 3470 1041 3523 ut
1067 3482 1195 3523 eam
1230 3462 1532 3542 pertulerit
1559 3462 1795 3523 omnino
1823 3470 1882 3521 et
1906 3460 2137 3540 penitus
2165 3462 2514 3538 exhauserit,
2560 3462 2719 3539 quod

308 3545 381 3605 de
408 3546 539 3605 aliis
567 3546 685 3605 dici
710 3542 946 3622 nequit3
978 3544 1269 3622 Quicquid
1296 3544 1388 3620 sit,
1419 3552 1642 3605 certum
1669 3551 1760 3603 est
1785 3542 2050 3620 nuspiam
2078 3541 2194 3602 dici
2219 3563 2324 3621 pro
2345 3542 2600 3622 peccatis
2620 3542 2720 3601 vel

306 3634 543 3703 propter
567 3632 805 3702 peccata
830 3625 1159 3703 quempiam
1200 3644 1435 3702 passum
1478 3625 1622 3702 quin
1661 3630 1900 3703 peccata
1939 3630 2267 3683 statuantur
2291 3642 2362 3682 eo
2389 3623 2518 3700 ipso
2545 3640 2722 3680 causa

308 3704 621 3782 impulsiva
647 3724 717 3764 ac
742 3705 1037 3765 meritoria
1064 3705 1353 3783 ejusmodi
1395 3704 1828 3765 calamitatum:
1868 3702 2028 3779 quod
2069 3702 2240 3762 nobis
2287 3722 2442 3763 nunc
2484 3701 2720 3778 quidem

310 3784 571 3843 sufficere
598 3792 790 3862 potest
816 3793 883 3845 ut
910 3785 1159 3845 sciamus
1187 3786 1668 3845 commutationem
1705 3783 1875 3843 debiti
1909 3783 2120 3842 factam
2147 3782 2324 3842 fuisse
2351 3782 2502 3841 inter
2527 3800 2634 3839 nos
2663 3787 2722 3841 et

312 3862 639 3941 Christum3
680 3884 817 3925 nam
845 3885 975 3925 cum
1004 3874 1175 3925 antea
1202 3886 1277 3925 ex
1310 3865 1493 3925 altera
1517 3864 1714 3943 phrasi
1743 3852 1884 3923 cum‘
1902 3862 2112 3922 dicitur
2131 3880 2238 3940 pro
2263 3862 2434 3921 nobis
2459 3868 2723 3919 mortuus

304 3944 429 4021 jam
456 3943 801 4005 evicerimus
830 3945 1301 4006 substitutionem
1327 3964 1607 4023 personae,
1631 3944 1768 4003 hinc
1787 3942 2116 4003 necessario
2141 3941 2404 4020 sequitur
2431 3939 2723 4000 Christum

309 4023 445 4083 loco
472 4032 670 4084 nostro
692 4025 775 4084 ita
802 4032 1091 4086 mortuum
1120 4044 1246 4085 esse
1273 4033 1341 4086 ut
1366 4044 1569 4104 poenas
1594 4024 1764 4084 nobis
1794 4022 2018 4083 debitas
2046 4023 2107 4081 in
2133 4041 2196 4081 se
2223 4020 2518 4098 receperit.

394 4104 549 4162 XX.
592 4102 816 4165 Verum
864 4113 923 4165 et
968 4107 1080 4165 hoc
1106 4105 1457 4165 luculentius
1494 4104 1744 4183 liquebit
1771 4106 1827 4165 3.
1857 4122 1934 4162 ex
1961 4103 2035 4161 iis
2060 4102 2206 4161 locis
2245 4120 2376 4178 quae
2416 4108 2725 4177 utrumque

311 4183 486 4243 simul
514 4184 989 4262 complectuntur,
1020 4194 1080 4246 et
1109 4186 1146 4220 “
1166 4205 1427 4264 personae
1456 4182 1926 4261 subrogationem
1953 4190 2012 4241 et
2039 4180 2221 4239 debiti
2247 4179 2430 4257 ipsius
2457 4199 2726 4257 compen-

312 4264 648 4340 sationem,’'
676 4272 743 4324 ut
770 4284 949 4341 quum
972 4264 1245 4325 Christus
1271 4265 1484 4324 dicitur
1518 4264 1709 4323 factus
1735 4282 1839 4341 pro
1866 4261 2036 4320 nobis
2065 4258 2411 4319 “execratio
2439 4268 2498 4319 et
2523 4278 2726 4336 pecca·

312 4348 491 4419 tum,”
522 4345 657 4405 Gal.
686 4344 768 4403 iii.
806 4347 896 4421 13,
941 4349 977 4404 2
1009 4345 1141 4405 Cor.
1169 4363 1231 4404 v.
1261 4347 1357 4420 21,
1388 4364 1519 4422 quse
1556 4344 1673 4402 duo
1709 4341 1840 4402 loca
1876 4340 2014 4418 quia
2049 4339 2290 4397 maximi
2334 4346 2470 4399 sunt
2511 4340 2574 4397 in
2615 4340 2726 4400 hac

310 4424 707 4485 controversia
734 4425 1010 4485 momenti
1036 4425 1113 4484 ad
1138 4424 1405 4485 veritatis
1431 4420 1925 4483 confirmationem
1945 4438 2063 4478 non
2087 4419 2208 4477 levi
2233 4419 2471 4479 brachio
2499 4438 2536 4478 a
2559 4420 2730 4481 nobis

314 4514 375 4565 et
400 4506 590 4566 obiter
616 4514 841 4565 tantum
872 4512 1007 4566 sunt
1034 4504 1391 4583 attingenda,
1422 4503 1527 4563 sed
1552 4502 1727 4581 paulo
1747 4500 1978 4579 plenius
2005 4498 2370 4559 excutienda.
2455 4500 2534 4559 Et
2561 4509 2626 4561 ut
2653 4500 2728 4561 de

313 4587 491 4664 priori
534 4587 857 4666 loquamur,
888 4594 1051 4646 extat
1098 4585 1253 4666 apud
1302 4583 1548 4645 Paulum
1591 4582 1670 4642 ad
1711 4582 1844 4643 Gal.
1873 4580 1956 4641 iii.
1991 4584 2084 4651 13,
2116 4583 2152 4616 ‘⁸
2175 4580 2477 4641 Christus’'
2520 4581 2728 4658 inquit,

319 4667 485 4729 “nos
532 4666 777 4729 redemit
820 4668 896 4729 ab
943 4667 1311 4729 execratione
1351 4665 1503 4743 legis
1550 4665 1692 4726 dum
1731 4684 1836 4743 pro
1883 4662 2052 4723 nobis
2087 4662 2276 4723 factus
2303 4670 2393 4723 est
2419 4664 2728 4738 execratio,
