3234 5192
536 302 653 359 720
1361 315 1441 357 nn
1470 314 1723 357 eiacum
1751 294 2104 357 Ponmrero.
2473 294 2736 379 [maru-r.
2765 316 2946 357 xx1v.

533 456 875 535 positionem
888 464 1164 535 tanquam
1182 476 1400 529 veram,
1415 460 1451 491 “
1468 457 1606 517 Sola
1618 457 1900 535 scriptura
1910 455 2182 535 primario
2192 462 2251 515 et
2271 454 2652 517 infallibiliter
2667 458 2944 517 terminat

532 544 593 595 et
610 536 813 596 definit
840 537 1215 615 quaestionem
1239 537 1312 598 de
1344 538 1605 597 Ecclesia
1626 551 1732 615 per
1749 538 1982 596 modum
2009 555 2226 595 normae
2248 537 2303 606 ;’'
2337 538 2554 597 Driedo
2574 538 2814 597 Lovani.
2835 537 2942 597 lib.

534 618 593 678 ii.
618 616 690 676 de
712 617 906 695 dogm.
932 618 1227 695 Ecclesiae,
1253 638 1377 695 cap.
1398 618 1479 677 iii.
1502 618 1563 676 in
1582 618 1753 677 solut.
1773 626 1880 677 art.
1903 620 1960 691 4,
1993 615 2278 692 “Fides‚”
2307 616 2512 695 inquit,
2541 621 2577 652 “
2595 638 2712 677 non
2734 618 2942 695 ampli-

534 717 605 757 us
626 718 703 757 ex
730 698 991 775 personis
1017 697 1316 777 probanda
1342 698 1520 773 venit,
1542 697 1648 756 sed
1663 718 1738 756 61(
1768 717 1872 756 sua
1899 696 2013 755 fide
2035 696 2351 773 probantur
2377 718 2637 774 personae
2666 698 2836 757 sicuti
2863 718 2946 757 ex

538 778 849 855 Scripturis
878 780 1057 838 sacris
1077 778 1445 855 cognoscitur
1464 798 1534 837 ea
1552 797 1684 855 quae
1705 796 1858 836 nunc
1881 785 1968 836 est
1987 776 2308 835 Ecclesia.”
2353 776 2475 837 Nec
2497 778 2658 838 aliud
2677 778 2789 837 sibi
2807 778 2944 837 vult

537 858 825 917 ordinaria
856 858 1287 918 Pontificiorum
1313 858 1511 936 praxis
1558 858 1660 934 qui
1707 876 1839 915 cum
1882 864 2164 934 urgentur
2189 876 2224 913 a
2252 857 2421 916 nobis
2449 858 2602 917 circa
2635 858 2948 917 veritatem

538 947 598 997 et
624 937 1091 997 infallibilitatem
1122 938 1403 997 Ecclesiae
1432 958 1567 1011 suae,
1600 935 1754 996 unde
1785 936 2005 996 scilicet
2042 935 2279 995 credant
2307 936 2630 997 Ecclesiam
2659 958 2823 997 suam
2851 938 2944 995 in-

537 1018 837 1077 fallibilem
865 1036 1009 1093 esse,
1041 1018 1197 1077 illico
1225 1037 1332 1076 nos
1360 1016 1436 1075 ad
1462 1017 1806 1094 scripturam
1832 1014 2144 1075 amandant
2171 1024 2232 1075 et
2250 1016 2504 1076 illustres
2531 1018 2947 1095 promissiones

538 1118 667 1175 quae
698 1098 975 1157 Ecclesiae
1000 1097 1147 1157 fiunt
1167 1097 1262 1156 vel
1291 1096 1480 1174 elogia
1507 1116 1638 1173 quae
1667 1096 1752 1154 illi
1780 1097 1996 1156 ibidem
2016 1096 2348 1155 tribuuntur
2375 1097 2619 1157 subinde
2647 1107 2943 1177 regerunt,

540 1177 698 1255 quod
739 1198 856 1236 non
904 1178 1159 1237 facerent
1198 1176 1597 1255 proculdubie,
1647 1176 1761 1235 nisi
1798 1176 1971 1235 fidem
2015 1174 2444 1236 infallibilitatis
2489 1178 2768 1237 Ecclesiae
2821 1198 2947 1237 non

541 1258 773 1317 aliunde
801 1277 975 1335 quam
1004 1278 1079 1317 ex
1106 1257 1305 1316 Verbo
1333 1264 1490 1316 certo
1518 1256 1637 1333 peti
1665 1276 1833 1333 posse
1862 1256 2291 1316 arbitrarentur.

623 1338 769 1397 XV.
815 1338 1017 1415 Neque
1058 1337 1242 1396 hilum
1280 1336 1588 1415 proficiunt
1616 1336 1895 1396 Rationes
1925 1336 2263 1396 Cardinalis.
2329 1336 2525 1395 Prima
2564 1337 2716 1395 enim
2752 1338 2947 1415 pueri-

540 1418 675 1476 liter
721 1418 1023 1477 confundit
1072 1418 1425 1496 Scripturam
1472 1418 1842 1476 materialiter
1893 1425 1952 1476 et
1988 1418 2320 1492 formaliter
2367 1417 2803 1493 consideratam,
2861 1417 2945 1477 id.

540 1498 641 1556 vel
666 1496 859 1575 quoad
893 1498 1256 1557 substantiam
1296 1498 1567 1556 doctrinm
1591 1498 1692 1555 vel
1717 1496 1909 1575 quoad
1949 1498 2205 1556 accidens
2229 1497 2561 1573 scriptionis.
2648 1497 2800 1557 Sanc
2825 1518 2947 1556 non

542 1576 852 1637 diffitemur
893 1578 1215 1637 Ecclesiam
1254 1576 1433 1636 fuisse
1475 1577 1764 1654 cognitam
1809 1578 1932 1636 sine
1977 1577 2272 1655 Scriptura
2295 1578 2627 1651 formaliter
2666 1585 2942 1653 spectata,

540 1666 601 1716 et
643 1658 836 1733 quoad
879 1656 1147 1717 accidens
1190 1657 1533 1733 scriptionis,
1582 1657 1633 1715 si
1677 1656 1910 1733 quidem
1951 1676 2054 1734 per
2093 1656 2184 1715 bis
2212 1656 2370 1717 mille
2399 1677 2581 1716 annos
2609 1665 2668 1716 et
2693 1658 2946 1735 amplius

544 1736 809 1795 Ecclesia
844 1736 1030 1795 caruit
1054 1737 1235 1795 verbo
1263 1737 1521 1817 ὶγγςιίφᾳ.
1582 1736 1701 1795 Sed
1740 1756 2020 1813 negamus
2061 1736 2353 1813 cognitam
2389 1737 2567 1796 fuisse
2597 1737 2720 1796 sine
2753 1737 2946 1814 Scrip-

540 1824 671 1875 tura
698 1815 1081 1890 materialiter,
1124 1815 1204 1873 id.
1234 1816 1359 1874 sine
1388 1817 1501 1874 Dei
1527 1815 1726 1890 verbo,
1771 1816 1927 1892 quod
1967 1836 2194 1893 semper
2233 1823 2293 1874 et
2331 1816 2548 1894 ubique
2573 1818 2806 1876 unicum
2835 1817 2948 1875 fuit

542 1894 821 1955 Ecclesiae
848 1894 1301 1971 fundamentum,
1345 1894 1500 1953 idem
1540 1896 1694 1954 enim
1723 1895 1983 1955 Verbum
2025 1894 2182 1974 quod
2224 1896 2452 1974 scriptis
2485 1897 2814 1975 consignari
2841 1916 2946 1956 vo-

540 1976 651 2035 luit
689 1974 975 2034 Dominus
1016 1974 1092 2034 ad
1130 1974 1540 2053 praecavendas
1584 1976 1818 2037 Diaboli
1858 1975 2089 2035 fraudes
2133 1984 2192 2035 et
2231 1976 2531 2036 hominum
2572 1978 2944 2055 corruptelas,

536 2056 662 2135 jam
689 2063 859 2115 antea
884 2055 1025 2115 viva
1050 2076 1197 2115 voce
1222 2056 1499 2115 traditum
1528 2056 1880 2115 Patriarchis
1919 2055 2106 2116 fuerat
2137 2057 2196 2115 in
2225 2056 2548 2118 visionibus
2589 2065 2649 2117 et
2689 2057 2945 2133 somniis,

544 2145 603 2196 et
644 2136 773 2196 aliis
812 2136 1185 2196 revelationis
1222 2136 1428 2209 modis,
1459 2152 1656 2213 πολυμι
1685 2140 1746 2204 ὅς
1772 2141 1862 2196 καὶ
1891 2136 2234 2219 πλυτ-ζὸπως,
2268 2138 2419 2198 Heb.
2449 2138 2488 2197 i.
2523 2140 2575 2196 1.
2634 2137 2948 2197 Christiani

542 2236 683 2276 vero
725 2216 835 2277 etsi
874 2236 993 2275 non
1031 2218 1313 2277 haberent
1352 2217 1425 2276 ab
1459 2217 1632 2278 'initio
1657 2164 1734 2277 11.
1765 2218 1832 2277 T.
1865 2221 2157 2296 scriptum,
2187 2218 2512 2278 habuerunt
2537 2228 2730 2277 tamen
2759 2217 2950 2277 Vetus

544 2296 702 2374 quod
727 2296 1043 2374 perfectum
1080 2297 1190 2356 fuit
1230 2306 1289 2355 et
1328 2296 1619 2356 sufficiens
1659 2298 1720 2354 in
1762 2318 1867 2357 3110
1909 2298 2136 2375 gener'e,
2169 2302 2206 2356 2
2236 2299 2384 2356 Tim.
2413 2298 2494 2357 iii.
2527 2300 2620 2357 15.
2681 2296 2950 2357 Secunda

544 2376 719 2434 Ratio
746 2375 993 2433 absurde
1021 2376 1167 2451 petit
1192 2375 1535 2451 principium
1576 2382 1638 2433 et
1675 2377 1950 2452 supponit
1989 2377 2147 2453 quod
2185 2376 2544 2453 probandum
2572 2386 2712 2451 erat,
2745 2376 2952 2435 Eccle-

540 2454 686 2513 siam
736 2452 958 2511 scilicet
1004 2454 1242 2529 ejusque
1284 2461 1454 2510 notas
1494 2472 1570 2509 ex
1616 2453 1836 2511 lumine
1877 2455 2124 2511 naturali
2153 2464 2310 2513 certo
2352 2456 2710 2515 innotescere
2738 2476 2946 2535 posse;

540 2532 697 2611 quod
724 2538 895 2589 antea
920 2530 1129 2589 falsum
1158 2549 1284 2589 esse
1315 2529 1852 2607 demonstravimus,
1879 2532 2016 2607 quia
2043 2551 2120 2590 ex
2138 2532 2336 2590 Verbo
2366 2532 2488 2590 solo
2517 2535 2764 2610 propriae
2792 2544 2948 2595 notae

539 2621 600 2672 et
643 2612 1001 2670 characteres
1040 2609 1321 2669 Ecclesiae
1362 2610 1483 2687 peti
1524 2618 1786 2687 possunt.
1870 2610 2059 2670 Taceo
2103 2610 2263 2688 quod
2303 2630 2407 2689 pro
2445 2612 2599 2668 veris
2643 2614 2798 2670 notis
2844 2634 2950 2673 eas

537 2691 707 2751 nobis
734 2689 993 2750 obtrudit
1018 2709 1147 2768 quas
1173 2709 1311 2751 vere
1340 2698 1474 2749 sunt
1500 2690 1695 2750 nothae
1717 2698 1776 2750 et
1804 2690 2157 2767 adulterinae,
2194 2698 2260 2749 ut
2286 2690 2687 2767 antiquitatem,
2717 2692 2948 2751 vassili-

541 2781 727 2848 tatem,
752 2768 859 2831 &c.
890 2790 1021 2849 quse
1048 2790 1154 2830 nec
1184 2770 1295 2831 soli
1322 2771 1617 2847 Ecclesioe,
1649 2791 1756 2831 nec
1781 2772 1908 2849 toti,
1937 2792 2046 2831 1166
2075 2791 2298 2850 semper
2324 2770 2693 2831 conveniunt.
2753 2771 2948 2849 Taceo

542 2853 699 2931 quod
742 2852 838 2914 hic
883 2852 1193 2931 sophistice
1238 2872 1273 2911 a
1316 2872 1431 2911 non
1473 2851 1783 2912 distributo
1811 2852 1884 2911 ad
1914 2851 2279 2912 distributum
2309 2851 2698 2928 ratiocinatur,
2729 2852 2804 2911 ab
2834 2852 2948 2911 Ec-

542 2934 721 2993 clesia
747 2933 807 2991 in
836 2952 1047 3011 genere
1074 2932 1149 2991 ad
1178 2932 1500 2991 Romanam
1530 2932 1852 2992 Ecclesiam
1891 2932 2231 2992 hodiernam
2269 2934 2330 2991 in
2374 2932 2580 3010 specie,
2618 2952 2946 3011 supponens

542 3034 669 3073 eam
698 3034 825 3074 esse
855 3033 1051 3073 veram
1070 3014 1409 3089 Ecclesiam,
1433 3012 1591 3090 quod
1616 3032 1726 3071 nec
1754 3012 2066 3073 concedere
2092 3032 2417 3092 possumus,
2445 3032 2554 3071 nec
2580 3012 2640 3070 in
2671 3022 2946 3073 aeternum

545 3102 680 3153 sunt
720 3094 1037 3171 probaturi.
1118 3093 1270 3151 Nam
1311 3092 1469 3171 quod
1501 3093 1583 3151 ita
1623 3093 1987 3171 praefidenter
2028 3092 2308 3171 gloriatur
2349 3113 2510 3151 suam
2541 3092 2786 3153 Roman.
2832 3092 2944 3151 Ec·

544 3174 778 3231 clesiam
820 3192 1017 3231 veram
1058 3191 1203 3248 esse,
1248 3174 1385 3249 quia
1422 3192 1718 3250 nunquam
1758 3173 1891 3232 falsi
1933 3173 2200 3232 convinci
2234 3173 2439 3251 potuit,
2469 3173 2532 3231 in
2557 3192 2628 3232 eo
2657 3173 2752 3231 vel
2780 3172 2944 3249 igno·

542 3252 788 3309 rantiam
832 3270 1082 3309 crassam
1126 3252 1335 3328 prodit,
1380 3253 1479 3311 vel
1522 3252 1938 3330 impudentiam
1955 3275 1972 3330 ;
2016 3261 2159 3330 quot
2185 3254 2338 3312 enim
2379 3261 2439 3312 et
2479 3261 2696 3330 quanta
2737 3252 2945 3311 Ortho-

544 3329 828 3388 doxorum
872 3329 1171 3388 volumina
1216 3339 1446 3394 centum
1494 3332 1706 3390 abhinc
1747 3332 1914 3391 annis
1957 3332 2239 3410 prodiere,
2282 3352 2412 3410 quse
2455 3331 2585 3391 11166
2633 3332 2950 3391 meridiana

544 3408 755 3468 clarius
783 3407 1247 3469 demonstrarunt
1276 3410 1595 3468 Ecclesiam
1629 3410 1948 3469 Romanam
1978 3412 2188 3489 saepius
2216 3432 2454 3488 errasse,
2485 3421 2544 3471 et
2584 3412 2646 3470 in
2686 3432 2754 3470 eo
2793 3418 2950 3471 statu

544 3508 661 3567 quo
700 3508 794 3549 res
838 3496 989 3565 sunt,
1036 3507 1144 3547 nec
1186 3508 1332 3565 6336,
1379 3508 1487 3548 1166
1523 3489 1726 3548 haberi
1757 3509 1927 3567 posse
1970 3511 2074 3567 pro
2103 3512 2244 3551 vera
2272 3492 2487 3551 Christi
2516 3492 2816 3551 Ecclesia:
2867 3492 2949 3550 Et

546 3570 642 3628 vel
674 3570 787 3628 hoc
830 3568 953 3629 3010
992 3577 1330 3646 argumento
1369 3568 1601 3647 probari
1630 3569 1797 3629 facile
1823 3578 2055 3648 potest:
2105 3571 2254 3630 Nam
2284 3591 2414 3648 quse
2443 3571 2709 3631 Ecclesia
2736 3571 2947 3630 doctri·

542 3670 679 3709 nam
725 3650 1030 3709 salutarem
1077 3669 1114 3707 a
1154 3648 1383 3709 Christo
1427 3649 1696 3708 traditam
1741 3670 1859 3709 non
1901 3652 2126 3727 retinet,
2164 3652 2267 3709 illa
2293 3670 2432 3711 vera
2457 3671 2574 3710 11011
2601 3659 2948 3729 potestesse

546 3730 761 3791 Christi
791 3729 1091 3807 Ecclesia3
1138 3728 1222 3788 At
1248 3729 1514 3789 Ecclesia
1542 3730 1806 3790 Romana
1831 3730 1966 3789 talis
1993 3739 2120 3790 est:
2151 3730 2220 3789 E.
2265 3730 2460 3790 Minor
2487 3752 2616 3809 quae
2637 3730 2947 3809 proculdu-

545 3810 644 3871 bio
672 3810 980 3889 negabitur
1007 3810 1082 3869 ab
1102 3809 1259 3889 ipsis,
1284 3809 1453 3870 facile
1482 3830 1613 3869 cum
1643 3811 1716 3869 ad
1740 3812 2003 3870 Examen
2027 3811 2318 3870 Doctrinae
2341 3809 2653 3871 deventum
2681 3812 2790 3871 erit
2815 3831 2949 3890 pro·

546 3892 795 3952 habitur.

628 3972 811 4031 XVI.
862 3973 921 4031 4.
965 3969 1092 4029 Alii
1130 3970 1497 4048 distinguunt
1517 3971 1663 4031 inter
1665 3973 1922 4045 for-male
1943 3973 2207 4047 objectum
2233 3970 2372 4029 fidei
2399 3977 2457 4029 et
2483 3969 2619 4029 fidei
2646 3973 2904 4047 reyulam
2923 3995 2950 4046 ,-

546 4052 722 4112 fidem
770 4070 886 4129 qua
932 4050 1175 4110 credunt
1222 4050 1499 4110 Ecclesiae
1554 4050 2020 4111 infallibilitatem
2073 4051 2180 4111 niti
2228 4050 2395 4110 verbi
2443 4050 2553 4109 Dei
2603 4050 2952 4110 authoritate

547 4141 823 4210 tanquam
862 4130 1087 4191 formali
1112 4129 1249 4189 fidei
1276 4130 1522 4208 objectu,
1568 4130 1744 4189 fidem
1781 4150 1921 4189 vero
1963 4152 2078 4209 qua
2121 4130 2366 4190 credunt
2414 4129 2580 4189 verbi
2607 4130 2721 4190 Dei
2747 4130 2954 4190 autho-

547 4214 795 4290 ritatem,
836 4212 945 4271 niti
974 4210 1251 4271 Ecclesiae
1278 4210 1569 4272 infallibili
1605 4211 1952 4287 testimonio,
1999 4232 2117 4271 non
2143 4220 2418 4289 tanquam
2447 4210 2675 4288 objecto
2702 4210 2950 4284 formali,

550 4292 652 4350 sed
700 4301 973 4370 tanquam
1021 4291 1225 4369 regula
1265 4290 1419 4366 fidei,
1463 4292 1710 4369 ideoque
1755 4292 2035 4351 circulum
2074 4312 2190 4351 non
2227 4310 2355 4351 esse
2392 4290 2688 4350 formalem
2719 4310 2822 4350 seu
2847 4310 2953 4367 per

548 4370 789 4429 eandem
816 4373 992 4432 viam.
1077 4372 1273 4449 Resp.,
1308 4371 1426 4449 Sed
1452 4391 1638 4450 neque
1665 4372 1777 4431 hac
1793 4372 2014 4432 ratione
2043 4372 2287 4431 evadere
2308 4378 2566 4449 possunt,
2596 4370 2756 4448 quod
2781 4370 2950 4429 facile

548 4450 769 4526 patebit
812 4450 863 4508 si
907 4452 1182 4512 terminos
1230 4451 1617 4512 distinctionis
1664 4452 2044 4527 attendamus,
2094 4461 2154 4512 et
2179 4451 2321 4529 quid
2347 4471 2450 4530 per
2476 4452 2760 4527 objectum,
2807 4448 2952 4527 quid

546 4528 683 4586 item
713 4548 816 4605 per
841 4534 1095 4605 reyulam
1122 4532 1259 4591 fidei
1285 4532 1729 4609 intelligendum
1759 4534 1851 4593 sit.
1910 4533 2146 4611 Duplex
2185 4551 2326 4609 ergo
2367 4534 2629 4607 obiectum
2658 4530 2811 4609 fidei
2833 4538 2951 4588 sta-

546 4606 744 4683 tuitur,
775 4610 1069 4668 materiale
1095 4631 1293 4681 unum,
1322 4614 1563 4671 alterum
1576 4616 1834 4688 formale·
1851 4639 1876 4688 ;
1917 4614 2211 4673 materiale
2251 4620 2342 4671 cst
2382 4612 2442 4669 id
2479 4610 2637 4689 quod
2663 4610 2953 4669 credimus
