3234 5192
284 332 521 375 msrur.
550 310 758 395 xxm]
1180 330 1259 369 ne
1287 328 1539 372 cineum
1566 330 1924 375 Pon-rmclo.
2592 320 2707 379 719

289 483 402 550 tur,
433 472 619 535 Verbi
644 471 1052 533 authoritatem
1078 489 1197 529 non
1222 489 1393 548 posse
1420 470 1579 530 credi
1606 480 1766 533 certo
1791 482 1894 534 aut
1921 473 2211 551 cognosci,
2227 471 2356 535 'nisi
2391 494 2468 536 ex
2493 476 2706 537 infalli-

290 555 397 615 bili
427 553 707 613 Ecclesiae
750 550 1099 627 testimonio,
1131 550 1420 627 quomodo
1468 557 1720 613 statuere
1774 562 2018 630 possunt
2065 553 2235 612 nobis
2264 555 2496 615 aliunde
2541 557 2707 616 inno·

291 643 531 710 tescere,
561 634 675 692 nisi
702 652 738 691 a
763 639 997 709 recepta
1016 630 1301 690 sententia
1321 630 1595 691 recedant
1613 636 1644 691 Ρ
1685 633 1961 691 Fatemur
1987 632 2221 709 quidem
2251 642 2312 693 et
2339 636 2708 711 agnoscimus

294 716 555 774 Verbum
586 711 819 771 aliunde
848 730 1022 789 quam
1050 711 1124 770 ab
1147 710 1413 771 Ecclesia
1430 711 1678 789 probari,
1710 732 1745 770 a
1761 714 2021 789 propriis
2050 712 2271 772 scilicet
2302 720 2360 772 et
2385 714 2576 773 insitis
2602 736 2706 774 no-

294 795 371 854 tis
400 802 459 853 et
486 791 913 852 characteribus
941 790 1079 866 suis,
1110 809 1257 869 quos
1294 790 1345 849 si
1372 811 1475 869 per
1518 792 1846 851 communia
1892 790 2028 851 fidei
2075 792 2296 852 motiva
2349 794 2704 872 intelligunt,

292 873 591 933 habebunt
620 891 727 931 nos
754 870 1219 947 consentientes;
1264 868 1369 929 sed
1410 890 1479 931 eo
1524 872 1652 949 ipso
1695 871 2012 931 testimonii
2063 872 2342 931 Ecclesiae
2391 874 2707 934 necessitas

296 953 469 1013 cadit.
531 955 587 1011 2.
630 953 853 1011 Μοιίυα
878 952 981 1010 illa
1007 950 1323 1010 communia
1369 951 1579 1029 quibus
1623 950 1798 1011 fidem
1826 952 1933 1011 niti
1961 952 2183 1029 volunt,
2215 952 2312 1013 vel
2353 962 2510 1013 certa
2551 964 2704 1029 sunt,

298 1033 397 1092 vel
424 1051 577 1109 non;
622 1033 670 1091 si
699 1040 873 1107 certa,
906 1031 1122 1090 corruit
1146 1030 1493 1109 principium
1520 1031 1885 1110 papisticum,
1916 1032 2078 1090 nulla
2119 1032 2312 1092 media
2347 1033 2604 1092 sufficere
2633 1034 2710 1093 ad

294 1113 471 1173 fidem
502 1112 799 1189 scripturae
826 1111 941 1171 nisi
968 1110 1207 1170 accedat
1233 1109 1553 1171 infallibilis
1584 1112 1863 1171 Ecclesiae
1891 1111 2236 1188 testificatio,
2263 1119 2329 1171 ut
2357 1121 2528 1172 antea
2555 1112 2704 1173 dixi-

298 1212 429 1253 mus
452 1214 466 1270 ;
512 1192 700 1251 sinon
729 1200 900 1267 certa,
929 1199 996 1250 ut
1015 1190 1127 1269 ipsi
1154 1210 1269 1249 non
1290 1188 1604 1251 diffitentur
1631 1192 1730 1270 qui
1757 1191 1932 1249 fidem
1959 1192 2108 1250 hanc
2129 1210 2244 1250 non
2273 1190 2531 1251 divinam
2559 1212 2704 1269 esse,

299 1272 404 1332 sed
432 1272 877 1349 conjecturalem
906 1278 965 1330 et
1009 1269 1312 1329 fallibilem
1340 1280 1416 1347 et,
1444 1278 1513 1330 ut
1558 1270 1670 1349 ipsi
1706 1271 2037 1349 loquuntur,
2069 1290 2352 1331 assensum
2381 1272 2708 1349 prudentiae

287 1352 525 1431 proeviae
552 1358 891 1429 agnoscunt,
912 1350 1125 1410 frustra
1152 1359 1302 1425 sunt,
1328 1351 1427 1427 qui
1448 1370 1552 1429 per
1579 1371 1650 1411 ea
1669 1350 1813 1410 certi
1841 1350 2060 1427 aliquid
2081 1358 2382 1430 quaerunt3
2413 1372 2548 1410 nam
2577 1350 2706 1411 fun-

299 1433 633 1491 damentum
660 1431 795 1490 fidei
824 1438 995 1489 certae
1022 1437 1083 1489 et
1108 1428 1449 1506 infallibilis,
1480 1430 1654 1490 debet
1681 1439 1740 1491 et
1765 1432 1828 1488 in
1867 1448 1930 1489 se
1959 1438 2176 1490 certum
2217 1450 2346 1491 esse
2391 1439 2451 1490 et
2477 1452 2514 1490 a
2540 1433 2708 1491 nobis

300 1520 458 1573 certo
486 1510 761 1589 cognosci
788 1519 847 1570 et
874 1509 1048 1569 credi.

381 1592 561 1651 XIV.
607 1594 662 1651 3.
709 1590 857 1650 Dico
885 1589 1257 1649 falsissimum
1285 1608 1413 1649 esse
1442 1589 1537 1649 vel
1568 1588 1848 1649 Ecclesiae
1874 1590 2175 1649 veritatem
2205 1591 2302 1650 vel
2330 1589 2705 1650 infallibilita-

300 1679 419 1731 tem
446 1670 680 1731 aliunde
708 1680 865 1731 certo
894 1678 953 1729 et
978 1690 1115 1730 vere
1144 1670 1419 1749 cognosci
1446 1688 1615 1748 posse
1663 1687 1838 1747 quam
1883 1689 1958 1729 ex
1987 1670 2184 1729 verbo.
2229 1670 2508 1730 Rationes
2535 1678 2704 1731 sunt:

306 1754 359 1811 1.
392 1750 543 1827 Quia
570 1750 835 1810 Ecclesia
860 1750 921 1809 in
948 1751 1127 1810 verbo
1155 1748 1430 1811 fundatur
1469 1757 1528 1809 et
1553 1750 1630 1809 ab
1657 1770 1726 1809 eo
1753 1750 2086 1829 specificum
2114 1768 2242 1810 esse
2270 1770 2436 1810 suum
2465 1750 2704 1827 obtinet,

301 1832 465 1892 nulla
491 1832 645 1891 enim
674 1832 939 1890 Ecclesia
966 1831 1090 1889 sine
1118 1830 1442 1905 vocatione,
1494 1830 1657 1889 nulla
1702 1831 1934 1890 vocatio
1975 1830 2090 1889 nisi
2117 1850 2193 1889 ex
2212 1830 2410 1905 verbo,
2463 1831 2613 1908 Eph.
2644 1832 2704 1891 ii.

303 1915 400 1972 20.
472 1916 529 1969 2.
562 1914 599 1945 “
624 1910 801 1969 Fides
829 1918 919 1970 est
944 1930 1021 1970 ex
1064 1910 1327 1985 auditu,”
1360 1910 1528 1969 Rom.
1558 1930 1619 1969 x.
1653 1912 1747 1985 17,
1779 1910 2012 1969 auditus
2039 1930 2114 1970 ex
2143 1911 2340 1987 verbo,
2363 1912 2434 1969 E.
2464 1911 2561 1970 vel
2589 1930 2706 1969 non

300 1990 457 2050 credi
486 1998 679 2068 potest
706 1998 767 2049 et
802 1990 1077 2067 cognosci
1101 1988 1217 2049 fide
1245 1990 1445 2048 divina
1474 1988 1752 2047 Ecclesiae
1800 1990 2032 2063 veritas,
2067 1991 2161 2049 vel
2198 1991 2378 2049 teneri
2428 1990 2602 2049 debet
2629 2010 2707 2049 ex

303 2071 521 2129 Verbo.
593 2072 649 2127 3.
681 2068 1029 2127 Tutissimus
1074 2076 1133 2127 et
1178 2068 1533 2127 certissimus
1580 2066 1788 2125 modus
1811 2068 2132 2127 Ecclesiam
2177 2068 2568 2145 investigandi
2616 2078 2708 2129 est

300 2148 681 2228 proculdubio
706 2166 811 2225 per
836 2157 999 2206 notas
1026 2155 1081 2205 et
1102 2148 1479 2222 proprietates
1524 2145 1820 2220 Ecclesiae,
1873 2154 1934 2205 at
1981 2148 2077 2205 vel
2103 2166 2208 2219 per
2254 2147 2578 2206 Ecclesiam
2606 2149 2706 2207 vel

300 2249 405 2308 per
431 2227 758 2286 communia
784 2226 1017 2299 motiva,
1048 2226 1145 2283 vel
1172 2245 1276 2302 per
1312 2225 1666 2303 Scripturam
1713 2225 1882 2285 nobis
1925 2226 2364 2287 manifestantur
2410 2235 2563 2287 notae
2592 2228 2706 2287 Ec·

303 2308 513 2383 clasiae,
544 2314 603 2367 et
624 2306 697 2366 de
736 2305 821 2365 eis
848 2304 1229 2364 infallibiliter
1266 2304 1409 2365 certi
1436 2304 1770 2365 reddimur:
1799 2304 1934 2365 Non
1977 2326 2081 2384 per
2109 2308 2438 2383 Ecclesiam,
2469 2308 2608 2386 quia
2635 2308 2708 2368 de

307 2388 571 2449 Ecclesia
596 2386 725 2464 ipsa
750 2386 1043 2464 quaeritur,
1066 2394 1128 2445 et
1146 2394 1345 2445 notam
1366 2392 1593 2463 oportet
1613 2404 1742 2445 esse
1769 2386 2003 2447 aliunde
2029 2396 2226 2447 notam
2255 2406 2427 2466 quam
2457 2408 2492 2446 a
2517 2408 2580 2448 re
2608 2408 2708 2449 cu-

296 2470 399 2546 jus
426 2477 514 2527 est
542 2477 697 2543 nota,
726 2474 1109 2545 praeterquam
1137 2466 1295 2544 quod
1334 2485 1475 2525 vera
1496 2466 1762 2525 Ecclesia
1806 2465 1880 2527 iis
1907 2467 2008 2544 qui
2055 2486 2182 2527 eam
2226 2467 2582 2546 investigant
2609 2468 2710 2528 ad-

303 2549 419 2609 huc
446 2556 537 2609 est
562 2547 800 2626 ignota3
842 2566 959 2605 non
982 2566 1083 2626 per
1110 2547 1425 2607 communia
1448 2548 1674 2623 motiva,
1697 2547 1850 2624 quia,
1882 2546 2096 2623 Primo,
2131 2548 2268 2609 Sive
2296 2557 2451 2609 certa
2479 2549 2602 2608 sive
2625 2550 2710 2609 in·

304 2638 463 2689 certa
490 2629 777 2705 dicuntur,
808 2628 1115 2705 utrobique
1156 2627 1465 2687 difficultas
1512 2636 1618 2702 est,
1650 2635 1718 2686 ut
1754 2626 2000 2707 jamjam
2039 2628 2311 2687 diximus.
2393 2629 2620 2689 Deinde
2662 2630 2712 2689 si

304 2709 641 2789 hujusmodi
667 2708 886 2767 motiva
912 2728 1015 2785 per
1042 2728 1104 2767 se
1133 2706 1423 2767 sufficiunt
1450 2706 1525 2764 ad
1557 2706 1960 2765 certitudinem
2005 2706 2143 2765 fidei
2169 2707 2494 2767 habendam
2521 2708 2582 2766 in
2610 2728 2706 2768 ve-

305 2791 475 2851 ritate
507 2788 802 2863 Ecclesiae,
835 2808 937 2845 cur
962 2807 1079 2843 non
1108 2786 1279 2845 etiam
1308 2805 1413 2863 per
1438 2804 1501 2843 se
1530 2784 1818 2844 sufficiant
1851 2784 1928 2843 ad
1955 2784 2278 2844 habendam
2307 2787 2708 2846 certitudinem

306 2870 445 2928 fidei
471 2868 545 2926 de
573 2866 921 2926 authoritate
954 2865 1311 2941 scripturae?
1338 2864 1417 2923 Et
1445 2874 1662 2939 eontra,
1695 2864 1744 2923 si
1771 2865 1896 2923 haec
1925 2882 2029 2941 per
2073 2884 2136 2923 se
2165 2874 2224 2924 et
2250 2866 2468 2941 absque
2497 2866 2710 2925 infalli-

304 2948 411 3008 bili
438 2944 768 3006 testimonio
798 2944 1075 3003 Ecclesiae
1104 2963 1219 3001 non
1248 2942 1537 3003 sufficiunt
1566 2943 1642 3001 ad
1691 2942 2092 3002 certitudinem
2119 2944 2254 3003 fidei
2282 2944 2606 3003 habendam
2635 2946 2708 3005 de

310 3027 623 3104 Scripturas
650 3024 1015 3099 authoritate,
1045 3032 1184 3083 tunc
1228 3040 1421 3099 neque
1463 3041 1567 3100 per
1594 3042 1656 3081 se
1705 3022 1996 3081 sufficiunt
2040 3022 2116 3081 ad
2143 3023 2545 3083 certitudinem
2575 3025 2708 3084 fidei

305 3104 634 3166 habendam
663 3103 736 3163 de
765 3104 1045 3163 Ecclesia.
1128 3102 1343 3177 Terti0,
1380 3101 1603 3161 motiva
1639 3102 1742 3160 illa
1766 3103 1862 3162 vel
1908 3110 2184 3179 petuntur
2211 3124 2248 3161 a
2272 3103 2493 3163 ratione
2535 3113 2595 3164 et
2618 3105 2698 3163 lu·

306 3188 463 3246 mine
490 3184 755 3259 naturali,
784 3183 881 3242 vel
908 3202 944 3241 a
969 3182 1187 3242 lumine
1214 3181 1471 3241 revelato
1500 3182 1559 3239 in
1586 3182 1767 3241 verbo
1791 3202 1806 3257 ς
1851 3182 1902 3241 si
1929 3182 2002 3243 ab
2040 3183 2167 3260 hoc,
2219 3184 2552 3245 coincidunt
2577 3205 2708 3244 cum

312 3268 634 3344 Scriptura3
666 3264 811 3323 siab
833 3264 952 3339 illo,
968 3263 1128 3340 Ergo
1149 3263 1248 3321 vel
1268 3282 1385 3321 non
1412 3261 1737 3322 fundabunt
1763 3260 1936 3322 fidem
1955 3262 2210 3323 divinam
2240 3284 2370 3343 quae
2396 3272 2592 3324 tamen
2618 3266 2714 3325 hic

307 3347 601 3425 quaeritur,
631 3344 729 3404 vel
756 3342 903 3403 fides
929 3343 1039 3403 erit
1064 3362 1139 3402 ex
1166 3342 1405 3419 ratione,
1437 3350 1497 3402 et
1522 3362 1640 3402 non
1667 3362 1744 3403 ex
1771 3344 1967 3419 verbo,
2015 3352 2216 3404 contra
2244 3346 2508 3422 Paulum,
2542 3346 2710 3405 Rom.

308 3448 369 3487 x.
401 3426 496 3491 17.
546 3426 823 3503 Superest
850 3424 919 3482 E.
949 3431 1015 3483 ut
1041 3441 1076 3482 a
1108 3423 1405 3500 Scriptura
1452 3423 1578 3483 sola
1619 3422 1870 3501 pendeat
1913 3423 2196 3485 certitudo
2221 3426 2358 3485 fidei
2402 3434 2615 3485 nostrae
2643 3424 2715 3486 de

310 3508 591 3567 Ecclesiae
611 3503 874 3579 veritate,
902 3512 969 3563 ut
990 3504 1141 3563 clare
1170 3524 1205 3563 a
1232 3504 1357 3563 solo
1383 3504 1567 3563 verbo
1593 3503 1714 3581 peti
1756 3513 2000 3583 possunt
2040 3524 2194 3564 verae
2222 3514 2282 3565 et
2389 3505 2592 3564 nuinae‘
2609 3526 2712 3565 no·

307 3596 385 3647 tae
414 3596 473 3647 et
499 3584 879 3664 proprietates
908 3583 1203 3660 Ecclesiae,
1232 3582 1391 3661 quod
1417 3591 1608 3643 autem
1639 3582 1712 3643 de
1731 3584 2009 3644 Ecclesia
2028 3585 2272 3644 veritate
2340 3585 2528 3660 icitur,
2558 3584 2712 3644 idem

307 3679 369 3728 et
396 3667 469 3727 de
496 3668 625 3745 ejus
652 3664 1063 3724 infallibilitate
1091 3662 1417 3740 dicendum,
1450 3662 1752 3738 Quomodo
1789 3664 1944 3723 enim
1982 3670 2148 3722 extra
2175 3664 2436 3723 Verbum
2465 3683 2710 3741 cognos-

310 3757 549 3823 ceretur,
582 3764 714 3807 cum
740 3752 865 3805 tota
890 3765 927 3803 a
945 3744 1141 3804 Verbo
1162 3743 1411 3822 pendeat
1431 3751 1489 3802 et
1509 3743 1571 3801 in
1590 3761 1662 3801 eo
1684 3742 1996 3802 fundetur?
2036 3742 2268 3820 Quarto,
2302 3743 2506 3803 Patres
2533 3743 2711 3802 adsti-

308 3829 597 3908 pulantur.
630 3826 887 3904 August.
915 3844 1006 3904 ep.
1040 3826 1172 3900 166,
1208 3826 1243 3857 “
1263 3824 1335 3881 In
1363 3822 1662 3901 scripturis
1691 3821 2000 3881 didicimus
2026 3823 2327 3882 ecclesiam
2347 3824 2399 3899 ;”
2431 3830 2490 3882 et
2515 3823 2616 3883 lib.
2641 3823 2714 3883 de

309 3908 453 3968 unit.
488 3906 783 3981 Ecclesiae,
815 3926 866 3963 c.
896 3907 952 3981 3,
986 3904 1175 3963 “Non
1219 3903 1487 3962 humanis
1530 3902 1909 3978 documentis,
1941 3903 2045 3962 sed
2082 3903 2296 3962 divinis
2322 3903 2570 3962 oraculis
2601 3904 2711 3962 Ec-

311 3987 489 4047 clesia
508 3987 935 4045 demonstratur
951 3985 1009 4061 ;’'
1050 3992 1111 4045 et
1137 4004 1261 4062 cap.
1295 3984 1387 4058 10,
1422 3985 1459 4015 “
1482 3982 1694 4042 Utrum
1723 3982 1890 4059 ipsi,”
1921 3982 2142 4042 scilicet
2171 3980 2510 4057 Donatistae,
2545 3986 2580 4016 ‘⁴
2601 3984 2712 4042 Ec·

308 4067 545 4128 clesiam
573 4074 825 4142 teneant,
856 4063 1087 4123 nonnisi
1103 4064 1177 4123 de
1204 4062 1529 4123 divinarum
1548 4063 1956 4141 scripturarum
1983 4063 2328 4122 testimoniis
2349 4062 2715 4123 ostendant.”

311 4148 546 4207 Author
572 4146 761 4224 operis
787 4144 1011 4222 imperf.
1040 4144 1239 4203 homil.
1270 4144 1384 4220 503
1430 4144 1467 4177 “
1486 4142 1597 4217 Qui
1641 4144 1712 4202 E.
1741 4142 1872 4202 vult
1899 4162 2246 4220 cognoscere
2274 4162 2472 4203 veram
2502 4142 2714 4203 Christi

314 4226 655 4301 Ecclesiam,
686 4225 839 4285 unde
868 4232 1182 4301 cognoscat
1206 4224 1320 4283 nisi
1346 4222 1746 4283 tantummodo
1773 4242 1878 4300 per
1905 4222 2215 4299 scripturas
2231 4224 2294 4282 ?”
2334 4223 2564 4297 Quint0,
2592 4224 2715 4283 Ad-

309 4306 551 4367 versarii
574 4306 685 4383 ipsi
712 4306 1089 4381 confitentum
1138 4304 1379 4382 Staplet.
1408 4311 1547 4363 tom.
1567 4304 1606 4361 i.
1639 4302 1879 4381 princip.
1909 4302 2092 4362 doctr.
2117 4322 2242 4381 cap.
2265 4306 2360 4378 24,
2393 4302 2714 4364 “Dicimus

308 4406 451 4465 ergo
479 4394 539 4445 et
563 4385 943 4445 libentissime
987 4384 1232 4444 dicimus
1280 4402 1411 4444 cum
1461 4382 1715 4461 August.
1743 4382 1804 4441 in
1849 4382 2148 4460 scripturis
2192 4381 2557 4461 quaerendam
2586 4403 2714 4445 esse

314 4466 656 4541 Ecclesiam,
686 4466 746 4524 id
776 4473 865 4524 est
892 4484 1021 4543 quas
1050 4465 1167 4524 sint
1202 4464 1389 4536 Notae,
1434 4462 1617 4535 dotes,
1649 4471 1708 4522 et
1749 4463 2128 4541 proprietates
2157 4463 2453 4539 Ecclesiae,
2503 4482 2579 4523 ex
2612 4464 2714 4525 Sa·

307 4568 423 4608 croe
456 4545 765 4623 Scripturas
785 4543 1049 4623 oraculis,
1072 4565 1189 4604 non
1210 4564 1287 4603 ex
1312 4542 1597 4618 humanis,
1622 4543 1982 4603 documentis
2008 4542 2477 4622 investigandum
2507 4564 2634 4603 esse
2658 4546 2715 4621 ;”

311 4628 581 4689 Becanns
600 4626 659 4685 in
676 4626 904 4703 apolog.
930 4644 1032 4703 pro
1054 4626 1093 4685 J
1100 4624 1197 4684 ud.
1221 4632 1482 4683 controv.
1505 4642 1630 4701 cap.
1655 4626 1710 4694 3,
1741 4626 1796 4700 4,
1818 4626 1874 4699 5,
1895 4626 1950 4701 6,
1972 4632 2031 4685 et
2057 4628 2113 4702 7,
2133 4623 2390 4685 admittit
2414 4624 2564 4683 hanc
2585 4644 2712 4703 pro-
