3234 5192
317 353 546 397 msru'r.
581 332 668 419 v.]
1084 357 1163 397 m:
1192 352 1403 401 'ramus
1432 358 1710 401 ‘rasurus
1738 360 2128 401 coenssrinus.
2616 340 2730 399 291

321 497 530 555 Arium
559 496 618 555 in
665 497 904 575 Synodo
934 498 1172 557 Nicaena
1197 500 1468 577 privatim
1498 501 1713 576 habita,
1746 510 1804 559 et
1825 501 1925 559 lib.
1959 502 1995 559 i.
2034 500 2107 558 ad
2137 498 2461 576 Theophil„
2494 498 2729 557 Idacius

319 578 599 637 adversus
629 577 1064 653 Varimandum‚
1113 579 1458 656 Fulgentius
1495 581 1556 637 in
1599 581 1973 657 responsione
2015 580 2089 638 ad
2108 580 2337 655 objecta
2380 579 2729 637 Arianorum

322 658 429 715 &c.
515 658 752 733 Quarto,
776 659 924 737 fidei
947 660 1220 734 analoqia
1247 668 1306 717 et
1351 660 1608 718 locorum
1643 663 2061 736 parallelorum
2112 658 2363 732 collatio,
2416 678 2545 735 quae
2588 678 2725 717 con-

319 738 549 796 firmant
590 738 748 814 quod
789 738 884 795 hic
926 737 1152 809 dicitur,
1185 748 1308 798 tum
1349 739 1420 797 de
1449 740 1796 813 testimonio,
1828 749 1951 797 tum
1990 739 2062 797 de
2104 740 2325 797 unitate
2368 740 2541 797 trium
2589 738 2726 795 isto—

319 838 445 876 rum
490 818 767 888 Testium,
812 818 952 877 Joh.
996 838 1054 876 v.
1099 820 1195 893 36,
1241 821 1337 892 37,
1383 829 1440 879 et
1482 819 1604 877 viii.
1656 823 1745 893 17,
1804 822 1896 893 18,
1929 828 1986 876 et
2028 839 2088 877 x.
2130 821 2225 892 36,
2260 822 2354 891 37,
2388 827 2447 876 et
2496 837 2595 874 xv.
2630 822 2725 892 26,

320 902 414 971 27,
447 906 506 955 ct
527 898 647 955 xvi.
683 901 774 972 13,
813 900 903 971 14,
954 900 1045 956 16.
1131 897 1364 973 Quint0,
1400 918 1530 957 cum
1579 898 1675 957 hic
1718 918 1919 958 versus
1962 898 2058 955 vel
2085 898 2159 955 ab
2188 898 2425 955 Arianis
2468 898 2729 955 sublatus

319 978 508 1052 suerit,
553 978 648 1036 vel
677 978 750 1035 ab
781 977 1135 1037 orthodoxis
1177 977 1428 1052 additus,
1453 978 1612 1055 prius
1656 978 1802 1037 illud
1843 977 2027 1035 multo
2054 977 2412 1055 probabilius
2448 984 2555 1049 est,
2604 976 2727 1035 sive

319 1058 475 1117 enim
517 1058 676 1116 casui
700 1059 810 1115 hoc
852 1066 942 1116 est
977 1056 1441 1133 adscribendum,
1491 1058 1811 1136 proclivius
1838 1058 1948 1117 fuit
1989 1057 2050 1115 in
2092 1056 2474 1115 describendo
2506 1056 2728 1133 aliquid

322 1138 601 1212 omittere,
633 1156 806 1214 quam
855 1137 1140 1213 integram
1187 1137 1496 1214 pericopen
1545 1138 1735 1197 textui
1775 1137 2047 1211 inserere,
2088 1138 2213 1195 sive
2256 1139 2402 1211 dolo,
2451 1135 2727 1195 credibile

319 1228 426 1292 est,
459 1218 632 1293 hujus
660 1237 790 1275 reos
818 1216 996 1275 fuisse
1027 1216 1280 1275 Arianos
1307 1218 1500 1294 potius
1527 1236 1701 1294 quam
1753 1216 2141 1290 orthodoxos,
2174 1225 2295 1275 tum
2330 1216 2467 1292 quia
2516 1216 2727 1293 saepius

318 1296 430 1355 hac
478 1297 538 1354 in
583 1306 746 1372 parte
795 1296 1080 1372 patefacta
1120 1305 1209 1355 est
1248 1297 1404 1356 fraus
1445 1298 1863 1370 haereticorum,
1910 1304 1969 1355 et
2024 1297 2374 1354 Arianorum
2444 1296 2724 1375 inprimis,

321 1376 423 1451 qui
452 1375 566 1432 alia
611 1376 920 1453 Scripturas
946 1376 1076 1434 loca
1114 1377 1469 1451 mutilarunt,
1517 1386 1582 1436 ut
1629 1384 1793 1436 notat
1833 1374 2183 1435 Ambrosius
2226 1375 2298 1433 de
2326 1375 2439 1433 fide
2469 1395 2527 1435 v.
2572 1379 2625 1450 7,
2668 1384 2727 1435 et

321 1456 396 1513 dc
429 1455 646 1531 Spiritu
678 1456 890 1514 Sancto
918 1455 999 1514 iii.
1049 1458 1117 1514 11
1152 1479 1166 1531 ;
1210 1467 1332 1515 tum
1362 1457 1500 1533 quia
1527 1476 1558 1515 e
1587 1476 1649 1514 re
1678 1456 1932 1533 ipsorum
1961 1455 2148 1533 magis
2176 1463 2301 1513 erat
2347 1454 2541 1513 locum
2569 1454 2725 1513 hunc

321 1535 573 1610 eradere,
605 1556 776 1612 quam
821 1536 1174 1596 Orthodoxis
1201 1536 1366 1594 illum
1393 1536 1624 1611 addere,
1670 1536 1806 1612 quia
1834 1535 1883 1593 si
1922 1536 2209 1613 genuinus
2236 1534 2362 1610 fuit,
2395 1554 2469 1592 ex
2499 1554 2567 1593 eo
2596 1534 2724 1592 illo-

318 1635 446 1673 rum
489 1616 724 1675 haeresis
786 1635 1020 1693 prorsus
1065 1616 1463 1692 evertebatur3
1511 1616 1561 1675 si
1603 1636 1743 1675 vero
1792 1615 2212 1692 supposititiae,
2242 1634 2359 1672 non
2400 1614 2535 1673 inde
2576 1615 2727 1691 peri·

319 1696 628 1755 clitabatur
655 1695 916 1755 doctrina
957 1694 1426 1755 Orthodoxorum
1469 1696 1622 1754 circa
1649 1696 2007 1771 Trinitatem,
2041 1715 2169 1771 quae
2208 1714 2283 1753 ex
2305 1694 2435 1752 aliis
2468 1694 2726 1771 Scriptu-

315 1796 396 1833 rae
435 1776 580 1835 locis
605 1776 930 1835 luculenter
953 1777 1247 1853 probatur.
1336 1775 1506 1835 Unde
1535 1776 1769 1835 omnino
1798 1775 2109 1834 verisimile
2138 1785 2228 1833 est
2246 1774 2357 1832 hoc
2386 1774 2459 1831 ab
2489 1772 2728 1831 Arianis

318 1855 572 1931 factum;
618 1865 683 1916 ut
728 1858 994 1915 Socrates
1037 1856 1310 1914 observat
1329 1856 1498 1914 histo.
1548 1856 1772 1913 Eccles.
1812 1854 1912 1915 lib.
1943 1855 2043 1914 vii.
2074 1876 2124 1913 c.
2156 1858 2251 1929 32,
2277 1862 2334 1912 et
2363 1853 2583 1930 Tripar.
2616 1854 2719 1911 xii.

318 1944 544 1995 veteres
586 1937 940 2014 Interpretes
967 1934 1342 2013 significasse,
1387 1934 1669 2012 quosdam
1712 1934 1907 2009 fuisse,
1933 1936 2031 2011 qui
2069 1933 2389 2011 Epistolam
2418 1934 2568 1992 hanc
2607 1935 2723 2009 pri·

317 2035 470 2073 mam
512 2016 556 2075 J
559 2016 652 2074 oh.
699 2016 1106 2093 depravarunt,
1137 2036 1254 2091 quo
1295 2016 1356 2072 in
1378 2015 1609 2074 Christo
1650 2015 1943 2073 hominem
1971 2035 2007 2073 a
2050 2014 2177 2073 Deo
2207 2022 2555 2090 separarent.
2601 2014 2655 2070 N
2658 2034 2723 2071 ec

315 2096 428 2155 hoc
469 2095 700 2153 difficile
741 2095 851 2153 fuit
881 2094 1133 2168 Arianis,
1159 2093 1297 2153 dum
1327 2095 1712 2172 Imperatores
1740 2102 1907 2154 erant
1933 2094 2157 2168 Ariani,
2188 2101 2247 2152 et
2277 2092 2566 2169 Episcopi,
2598 2092 2723 2169 pul-

315 2176 398 2234 sis
440 2174 814 2248 orthodoxis,
846 2182 1032 2232 totum
1073 2193 1219 2250 pene
1249 2174 1445 2233 orbem
1475 2176 1851 2253 occupabant.

396 2254 508 2312 VI.
555 2254 672 2311 Hic
699 2272 838 2311 vcro
867 2273 973 2311 nec
1005 2253 1273 2313 Codicum
1312 2255 1558 2313 varietas
1585 2256 1798 2332 opponi
1847 2255 2035 2330 debet,
2066 2255 2203 2332 quia
2245 2254 2419 2333 longe
2446 2254 2641 2331 plures
2670 2263 2728 2313 et

311 2334 670 2411 probatiores
717 2333 981 2407 retinent,
1013 2353 1187 2411 quam
1235 2334 1546 2393 omittunt:
1590 2335 1713 2394 Nec
1772 2336 2099 2395 Versionum
2138 2335 2406 2411 Syriacae‚
2438 2334 2725 2408 Arabicae,

315 2413 670 2491 AEthiopicae
698 2414 1026 2489 authoritas,
1057 2414 1195 2490 quia
1211 2413 1466 2473 fontibus
1489 2415 1828 2491 aequiparari
1855 2436 1971 2474 non
2003 2416 2232 2491 debent,
2257 2424 2315 2473 et
2334 2413 2473 2473 satis
2502 2422 2729 2474 constat

312 2514 412 2553 eas
456 2513 582 2552 esse
631 2493 994 2551 recentiores
1080 2494 1132 2551 N
1137 2514 1202 2552 ec
1239 2495 1631 2569 proetcmm‘ssa
1681 2497 1939 2553 Veterum
1986 2496 2191 2568 citatiO,
2222 2494 2361 2572 quia
2398 2494 2509 2553 hoc
2536 2502 2729 2571 potest

311 2582 534 2633 tantum
559 2574 812 2646 innuere,
844 2572 906 2631 in
935 2572 1246 2633 Codicibus
1275 2574 1498 2633 Graecis
1525 2584 1585 2633 et
1613 2574 1839 2633 Latinis
1867 2575 2077 2652 quibus
2104 2574 2197 2633 usi
2226 2580 2376 2649 sunt,
2407 2574 2599 2633 locum
2629 2574 2727 2633 de·

311 2653 526 2727 fuisse3
572 2653 674 2712 sed
716 2652 878 2711 nulla
916 2654 1180 2712 veritatis
1221 2654 1411 2731 specie
1447 2662 1641 2731 potest
1668 2654 1867 2731 colligi
1894 2674 2022 2713 esse
2065 2658 2439 2729 ὑποβολιμαῖον,
2473 2674 2604 2712 811111
2632 2654 2730 2713 vel

313 2733 704 2792 Librariorum
757 2733 1114 2809 negligentia
1169 2734 1374 2809 omitti,
1425 2734 1522 2792 vel
1570 2734 1921 2791 Arianorum
1976 2734 2197 2793 malitia
2250 2732 2410 2791 eradi
2456 2734 2726 2809 potuerit.

313 2814 436 2872 Nec
467 2814 770 2873 Contentum
809 2814 984 2889 ipsius
1029 2813 1215 2888 series,
1247 2814 1347 2890 qui
1395 2814 1656 2873 Testium
1705 2813 1937 2889 quidem
1980 2814 2353 2886 terrestrium,
2384 2831 2565 2888 aquae,
2600 2831 2730 2869 san-

313 2894 521 2971 guiniS,
553 2902 612 2952 et
643 2893 906 2969 Spiritus,
939 2893 1010 2951 de
1040 2894 1250 2970 quibus
1271 2894 1546 2971 loquutus
1587 2892 1791 2966 fuerat,
1822 2913 1942 2951 ver.
1974 2895 2028 2967 6,
2060 2892 2503 2968 descriptionem
2532 2900 2729 2968 postu-

310 2973 486 3046 labat,
517 2992 635 3030 non
662 2991 798 3031 vero
828 2973 1148 3032 coelestium
1177 2973 1278 3050 qui
1317 2974 1432 3031 huc
1472 2993 1589 3031 non
1632 2972 2033 3049 pertinebant3
2079 2972 2229 3030 Nam
2258 2991 2333 3029 ex
2364 2970 2569 3047 copula
2596 2990 2727 3046 quae

311 3072 432 3111 ver.
458 3054 512 3126 8,
533 3051 780 3127 additur,
804 3052 968 3128 ηάωι
997 3052 1070 3111 ad
1093 3054 1296 3112 Testes
1325 3052 1590 3113 coelestes
1603 3053 1729 3129 jam
1757 3051 2147 3127 probavimus
2194 3051 2271 3109 Et
2299 3070 2427 3108 cum
2458 3059 2727 3127 ageretur

313 3132 386 3190 de
416 3132 843 3191 confirmatione
897 3132 1154 3209 primarii
1201 3132 1558 3191 fundamenti
1607 3130 1933 3208 Religionis
1981 3130 2338 3203 Christianae,
2385 3130 2501 3188 imo
2550 3130 2729 3189 totius

313 3212 640 3289 Evangelii,
670 3212 859 3288 potuit
885 3232 992 3271 nec
1019 3211 1222 3272 debuit
1248 3212 1436 3270 omitti
1459 3232 1745 3271 summum
1767 3210 1914 3269 illud
1935 3218 1993 3270 et
2020 3209 2413 3287 irrefragabile
2443 3210 2727 3273 Testimo-.·

311 3292 488 3367 nium,
519 3292 674 3369 quod
703 3292 949 3369 singulae
976 3291 1277 3351 Trinitatis
1327 3290 1597 3351 Personae
1646 3290 1720 3349 ad
1767 3290 1903 3350 fidei
1932 3300 2144 3349 nostrae
2172 3288 2567 3349 fulcimentum
2597 3311 2728 3369 pro·

307 3372 580 3431 tulerunt.

395 3451 538 3509 VII.
585 3451 828 3511 Asserta
856 3472 994 3511 vero
1042 3452 1158 3511 loci
1203 3452 1372 3512 istius
1423 3452 1794 3513 Authoritate
1825 3453 2133 3523 Canonica,
2166 3454 2492 3513 Verborum
2525 3473 2729 3513 sensus

304 3532 430 3607 jam
458 3531 618 3590 venit
635 3532 1044 3606 enucleandus,
1075 3532 1178 3591 ubi
1195 3533 1306 3591 tria
1335 3534 1715 3609 expendenda
1742 3542 1894 3609 sunt,
1932 3534 2173 3592 Testium
2202 3534 2437 3593 istorum
2471 3536 2725 3605 Natura,

318 3611 606 3685 Operaab,
638 3619 695 3669 et
732 3612 946 3670 Unitas.
969 3614 1206 3671 Natura
1233 3613 1466 3689 quinam
1490 3613 1605 3671 sint
1647 3613 1931 3689 ostendet,
1962 3612 2147 3673 Pater
2174 3614 2411 3688 scilicet,
2441 3612 2641 3671 Semne
2668 3620 2729 3671 et

309 3690 556 3767 Spiritus
584 3692 643 3747 S.
700 3692 969 3766 Operatio
991 3692 1132 3769 quid
1147 3690 1361 3751 faciant
1378 3692 1626 3766 docebit,
1655 3692 1843 3751 nimir.
1874 3692 2030 3770 quod
2060 3702 2321 3753 testentur
2348 3692 2408 3750 in
2438 3692 2601 3749 coelo.
2648 3691 2729 3749 Et

319 3772 520 3828 Unitas
548 3790 886 3829 consensum
917 3779 976 3829 et
1003 3772 1258 3845 ὅμωνσιάι
1299 3772 1581 3849 probabit,
1613 3773 1770 3849 quod
1808 3774 1922 3831 sint
1947 3793 2135 3831 unum.
2222 3770 2425 3846 Quoad
2452 3769 2629 3846 prius,
2660 3776 2727 3827 ut

309 3851 370 3908 in
399 3849 753 3907 Testimonio
781 3870 896 3908 non
925 3860 1148 3910 tantum
1197 3854 1337 3929 quid
1377 3852 1617 3927 dicatur,
1651 3852 1754 3911 sed
1801 3853 1975 3911 etiam
2017 3851 2113 3910 vel
2141 3852 2391 3909 maxime
2421 3850 2543 3925 quis
2569 3848 2727 3907 dicat

309 3928 532 3989 attendi
562 3928 708 3987 solet
735 3937 794 3987 et
821 3928 1010 4005 debet,
1043 3932 1138 3989 Ita
1161 3932 1204 3991 J
1209 3950 1424 3990 oannes
1468 3931 1738 4009 designat
1790 3952 1891 3991 eos
1918 3931 2149 3989 nomine
2177 3931 2388 4004 Patris,
2419 3927 2721 4003 Sermonis,

312 4018 373 4069 et
399 4008 646 4086 Spiritus
672 4010 882 4084 Sancti,
913 4010 1124 4087 quibus
1153 4010 1296 4070 Tres
1327 4012 1612 4071 Personas
1645 4013 2037 4071 Sacrosanctae
2067 4009 2366 4069 Trinitatis
2392 4007 2722 4083 intelligen-

310 4091 416 4150 das
444 4108 570 4148 esse
599 4108 796 4147 01111188
826 4090 1149 4149 Orthodoxi
1177 4092 1432 4149 unanimi
1454 4111 1739 4150 consensu
1758 4090 2025 4164 fatentur,
2058 4110 2187 4167 quae
2217 4086 2569 4149 subsistendi
2597 4086 2723 4162 qui-

305 4170 442 4230 dem
471 4166 658 4227 modis
685 4167 988 4243 distinctae,
1015 4171 1116 4230 sed
1134 4173 1396 4230 essentiae
1425 4171 1645 4229 ratione
1666 4191 1816 4231 unus
1838 4170 1955 4227 sint
1976 4177 2034 4226 et
2062 4177 2311 4228 aeternus
2338 4186 2511 4224 verus
2542 4166 2721 4225 Deus.

309 4253 503 4325 Pater,
527 4249 630 4325 qui
646 4248 890 4325 primam
916 4269 1220 4327 personam
1240 4259 1420 4327 notat,
1443 4270 1561 4309 non
1581 4250 1829 4309 sumitur
1844 4244 2062 4313 οὖσιοδῦς
2085 4248 2263 4306 relate
2292 4246 2367 4304 ad
2396 4246 2719 4321 Creaturas,

309 4340 424 4408 quo
452 4348 628 4388 sensu
674 4328 752 4387 ad
797 4336 980 4389 totam
1027 4330 1368 4389 Trinitatem
1417 4329 1683 4407 pertinet,
1715 4338 1771 4387 et
1800 4347 1952 4403 soepe
1978 4336 2289 4403 usurpatur
2316 4326 2375 4383 in
2406 4324 2717 4403 Scriptura,

304 4409 535 4489 quando
569 4410 730 4467 Deus
757 4408 970 4469 dicitur
1004 4411 1178 4469 Pater
1221 4409 1476 4467 omnium
1523 4409 1920 4467 Creaturarem
1948 4414 2073 4465 tum
2102 4406 2465 4465 rationalium
2492 4414 2615 4465 tum
2644 4407 2719 4465 ir-

305 4489 688 4564 rationalium,
718 4490 762 4549 J
765 4489 858 4548 ob.
889 4490 1142 4548 xxxviii.
1171 4491 1266 4563 28,
1295 4489 1436 4548 Mal.
1459 4488 1518 4547 ii.
1538 4490 1631 4545 10.
1718 4486 1837 4547 Sed
1879 4489 2219 4551 ὑποστατικὸς
2246 4506 2351 4564 pro
2379 4486 2563 4563 prima
2591 4487 2716 4545 Tri-

302 4570 500 4629 nitatis
531 4570 800 4645 Persona,
833 4590 964 4647 quse
998 4589 1074 4628 ex
1117 4588 1178 4627 se
1209 4569 1422 4629 Filium
1451 4588 1618 4628 suum
1638 4568 1711 4627 ab
1730 4576 1944 4627 aeterno
1961 4565 2238 4626 ineffabili
2266 4568 2486 4627 ratione
2516 4567 2720 4646 genuit

305 4650 417 4711 sibi
445 4657 790 4709 coaeternum
820 4657 880 4709 et
905 4648 1338 4710 coessentialem
1362 4671 1378 4727 ς
1423 4649 1514 4709 De
1541 4668 1673 4727 qua,
1704 4647 1842 4727 quia
1870 4646 2030 4707 nulla
2052 4647 2124 4708 lis
2152 4648 2321 4709 nobis
2348 4661 2613 4709 movetur
2640 4649 2715 4707 ab
