3234 5192
357 346 586 388 msru'r.
616 324 714 405 1.1.]
957 341 1032 380 ns
1077 340 1420 382 scium-unffi
1465 342 1666 382 sacam
1711 342 2152 385 Aur-nonium.
2650 324 2767 385 24⁷

355 488 688 547 custodiam
712 485 944 558 Legum
963 490 1024 541 et
1041 482 1410 554 Edictorum,
1431 503 1566 559 quae
1585 484 1667 542 ibi
1690 486 2133 560 appenduntur,
2158 484 2385 543 Paulus
2404 486 2483 543 ad
2504 486 2765 561 primum

354 586 480 625 non
501 565 702 643 potuit
729 562 1052 637 respicere;
1097 582 1216 619 non
1247 563 1426 619 modo
1455 563 1599 637 quia
1618 565 1733 621 hoc
1754 582 1936 622 sensu
1965 563 2209 622 Veritas
2239 571 2533 622 sustentat
2562 564 2765 623 Eccle-

353 646 520 717 siam,
571 662 693 702 non
736 643 1008 699 firmatur
1051 642 1126 700 ab
1174 641 1340 715 ipsa3
1384 641 1486 698 sed
1535 642 1719 699 etiam
1766 642 1909 718 quia
1968 642 2221 718 jamjam
2282 660 2413 700 eam
2450 652 2767 702 vocaverat

353 723 612 785 Domum
640 720 775 791 Dei,
807 738 942 795 quae
989 719 1240 795 proinde
1287 720 1500 795 egebat
1529 719 1799 779 Veritate
1842 729 1911 778 ut
1950 720 2347 779 fundamento
2376 729 2437 780 et
2462 724 2763 794 columna,

354 822 478 879 qua
503 804 810 869 niteretur,
857 798 1080 855 nedum
1107 804 1178 855 ut
1204 805 1404 872 posset
1431 818 1564 857 eam
1591 806 1938 857 sustentare.
2011 800 2229 874 ltaque
2257 800 2335 857 ad
2363 802 2621 858 alterum
2662 820 2765 859 ne-

339 882 606 940 cessario
655 879 924 936 aUudere
951 877 1178 946 debuit,
1208 880 1538 936 secundum
1565 896 1746 953 quem
1786 878 2261 953 frequentissime
2289 880 2367 936 ad
2394 878 2457 936 id
2486 880 2766 937 inservie-

354 962 518 1031 bant,
549 966 618 1017 ut
645 964 784 1015 ante
814 954 1024 1014 Curias
1072 962 1132 1013 et
1161 954 1464 1027 Praetoria,
1510 956 1705 1030 Leges
1732 963 1792 1013 et
1818 956 2075 1015 Decreta
2102 956 2497 1031 Magistratus
2524 958 2765 1032 publica

355 1038 718 1097 authoritate
765 1036 1262 1109 appenderentur,
1291 1042 1353 1092 et
1401 1033 1858 1109 Programmata
1885 1034 2007 1092 sive
2034 1032 2249 1094 Edicta
2268 1036 2666 1109 affigerentur,
2697 1044 2767 1094 ut

356 1117 638 1175 omnibus
672 1115 1125 1184 innotescerent,
1154 1113 1230 1171 de
1279 1132 1402 1188 quo
1431 1114 1728 1171 videndus
1770 1112 2201 1172 Demosthenes
2238 1114 2509 1173 oratione
2557 1116 2766 1173 adver-

357 1215 458 1253 sus
488 1193 821 1270 Leptinem,
849 1198 912 1247 et
939 1191 1175 1249 Plinius
1201 1191 1340 1251 hist.
1363 1198 1560 1249 natur.
1589 1192 1694 1250 lib.
1738 1193 1814 1249 vi.
1846 1210 1971 1267 cap.
2002 1192 2097 1249 29.
2184 1190 2285 1249 Ita
2314 1192 2581 1251 Ecclesia
2607 1212 2765 1252 com-

358 1273 704 1331 modissime
751 1269 970 1327 dicitur
1015 1270 1297 1329 columna
1338 1278 1400 1327 et
1423 1272 1867 1329 firmamentum
1894 1270 2181 1341 veritatis,
2210 1271 2435 1345 duplici
2464 1273 2539 1329 de
2566 1290 2765 1343 causa,

359 1361 488 1409 tum
511 1350 740 1409 ratione
759 1347 1248 1425 Pro-mulqatiom's
1275 1360 1328 1407 ct
1348 1346 1635 1409 Praeconii
1655 1376 1678 1423 ,·
1710 1349 1869 1417 Quia
1887 1349 2139 1408 Decreta
2168 1349 2283 1406 Dei
2310 1356 2372 1407 et
2398 1350 2591 1425 Leges
2618 1351 2768 1409 inte-

363 1430 510 1487 riori
535 1427 782 1488 consilio
809 1428 1062 1487 sancitas
1087 1428 1470 1503 promulgare
1496 1436 1754 1500 tenetur,
1783 1446 1906 1503 qua
1930 1429 2007 1486 de
2033 1445 2213 1485 causa
2237 1428 2328 1484 illi
2356 1428 2512 1502 λέγω
2536 1437 2626 1489 τοῦ
2650 1432 2769 1490 9003

362 1507 701 1573 ἐπιστεύθησαν
739 1513 799 1564 et
826 1507 1072 1566 caelestis
1108 1506 1342 1565 Veritas
1379 1508 1472 1565 illi
1511 1508 1701 1565 veluti
1743 1524 2003 1581 appensa
2040 1505 2389 1567 hominibus
2418 1509 2766 1581 innotescit;

359 1597 491 1649 tum
519 1587 750 1647 ratione
781 1585 965 1643 tutela:
993 1598 1046 1644 et
1072 1587 1358 1659 custodioe,
1388 1587 1536 1663 quia
1561 1604 1694 1645 eam
1720 1604 1843 1644 non
1870 1587 2051 1644 modo
2078 1602 2409 1661 proponere
2436 1589 2631 1660 debet,
2660 1592 2761 1647 sed

359 1668 540 1727 etiam
551 1665 852 1725 vindicare
862 1672 922 1722 et
943 1666 1018 1723 ab
1036 1665 1200 1725 omni
1209 1667 1548 1741 corruptela
1559 1665 1769 1737 tutari;
1796 1664 1936 1732 Qua
1952 1665 2027 1722 de
2048 1682 2359 1722 causanon
2370 1668 2549 1725 modo
2568 1668 2767 1741 στύλος,

360 1749 463 1805 sed
511 1754 572 1803 ct
624 1743 874 1825 ἔδμήυμοι
927 1751 1012 1811 τῖς
1077 1747 1302 1811 &naeuiu-
1342 1750 1608 1815 vocatur,
1665 1744 1809 1819 quia
1849 1750 1939 1801 est
1977 1742 2242 1801 veritatis
2309 1745 2652 1822 hospitium,
2706 1758 2769 1809 et

361 1826 550 1883 veluti
593 1828 844 1883 thronus
873 1831 934 1881 et
987 1826 1154 1883 sedes
1207 1826 1328 1883 fixa
1367 1824 1468 1881 cui
1493 1822 1725 1881 insidet.
1810 1822 2187 1881 Phavorinus
2224 1818 2275 1881 ἃ)
2302 1830 2473 1901 ααάμιι
2513 1830 2767 1909 ‹raige-yps

359 1904 804 1979 interpretatur,
833 1904 956 1962 scil.
998 1904 1230 1979 aliquid
1259 1902 1358 1960 cui
1385 1902 1556 1959 aliud
1593 1919 1717 1960 non
1765 1902 1966 1959 minus
1992 1918 2175 1975 quam
2216 1921 2285 1961 co
2314 1922 2511 1967 umnae
2564 1907 2768 1966 inniti-

361 1989 462 2041 tur
482 1990 542 2041 et
568 1980 804 2040 insistit.
892 1983 1075 2051 Quod
1121 1983 1316 2057 ipsum
1337 1982 1501 2039 vocis
1521 1986 1767 2055 etymon
1809 1980 2013 2057 aperit,
2048 1976 2298 2061 ἑδραίωμα
2326 1985 2486 2045 enim
2539 1992 2641 2045 ἆπὸ
2680 1996 2770 2049 τοῦ

358 2059 560 2144 Redeo,
589 2062 754 2137 quod
779 2059 1038 2132 firmum,
1067 2069 1128 2119 et
1147 2064 1376 2152 σταθιιςὶυ
1396 2065 1601 2131 notat3
1630 2064 1805 2141 ἑδραῖοι
1831 2078 1972 2117 vero
1989 2065 2093 2119 ἀπὶ
2119 2067 2203 2127 τῖς
2228 2060 2377 2144 ἴδῃς
2403 2083 2539 2138 quae
2566 2070 2770 2141 sedem,

360 2146 558 2202 sellam
600 2148 660 2199 et
687 2142 947 2199 thronum
989 2140 1284 2215 designat,
1311 2158 1374 2197 in
1402 2156 1519 2212 quo
1547 2139 1912 2197 simulachra
1937 2138 2203 2198 Deorum
2234 2144 2502 2201 sedentia
2528 2146 2769 2205 exhibe-

361 2222 600 2292 bantur,
628 2219 774 2285 τόπος
797 2220 836 2279 ἐν
862 2218 905 2297 ᾇ
930 2216 1130 2279 ἄλλον
1157 2216 1360 2301 ἵδρυται
1414 2219 1576 2293 unde
1604 2218 1751 2294 quia
1800 2217 1867 2275 in
1920 2220 2215 2277 columnis
2252 2220 2555 2296 Imagines
2609 2225 2771 2284 Deo-

363 2319 502 2357 rum
557 2300 1020 2370 collocabantur,
1071 2306 1142 2357 ut
1192 2308 1400 2374 postea
1469 2296 1753 2368 dicemuS‚
1824 2296 2277 2373 conjunguntur
2346 2318 2501 2375 saepe
2539 2304 2681 2371 ‚dom
2710 2312 2771 2364 et

363 2378 520 2473 sgo'm
548 2380 710 2453 apud
735 2376 1098 2437 Pausaniam
1123 2375 1518 2437 Corinthiacis
1538 2384 1600 2434 et
1623 2375 1859 2434 Eliacis.
1944 2376 2082 2435 Imo
2122 2380 2266 2445 κίονες
2294 2378 2457 2460 9381„
2482 2384 2771 2443 sustinere

359 2460 662 2528 dicuntur,
691 2463 762 2514 ut
785 2457 884 2514 hic
911 2456 1142 2515 Paulus
1168 2458 1354 2516 sociat
1396 2454 1569 2515 arta.»
1594 2458 1685 2515 καὶ
1710 2452 1760 2514 i>
1788 2455 1977 2532 alapa.
2063 2457 2589 2525 Quemadmodum
2628 2482 2771 2522 vero

361 2554 558 2614 neque
579 2537 847 2595 Deorum
875 2535 1183 2610 imagines,
1212 2554 1406 2610 neque
1435 2536 1629 2611 Leges
1654 2542 1715 2593 et
1796 2536 1958 2594 dicta
2004 2554 2177 2595 suam
2203 2540 2641 2600 mutuabantur
2665 2561 2773 2601 au-

365 2617 708 2675 thoritatem
735 2634 774 2673 a
803 2614 1132 2685 Columnis,
1161 2614 1378 2690 quibus
1405 2615 1939 2691 appendebantur3
1982 2622 2191 2689 utpote
2218 2635 2477 2690 quorum
2504 2620 2769 2695 dignitas

363 2702 492 2753 tota
519 2696 596 2753 ab
619 2693 896 2764 Authore
923 2694 1255 2769 pendebat3
1301 2693 1404 2752 Ita
1430 2712 1540 2751 nec
1568 2691 1813 2752 Veritas
1838 2693 1915 2751 ab
1938 2693 2222 2765 Ecclesia,
2242 2694 2383 2753 licet
2408 2697 2692 2757 columna
2712 2708 2774 2758 et

363 2776 808 2835 firmamentum
836 2772 969 2846 ejus
995 2771 1244 2831 dicatur.
1301 2772 1456 2831 Haec
1481 2772 1599 2830 fuit
1624 2790 1794 2829 mens
1822 2771 2181 2845 Hieronymi
2207 2795 2220 2831 :
2267 2780 2302 2807 “
2328 2772 2651 2848 Ecclesia,”
2680 2779 2771 2835 in-

365 2853 514 2927 quit,
557 2858 594 2885 “
616 2858 706 2909 est
731 2853 1012 2910 columna
1037 2857 1098 2908 et
1123 2852 1568 2909 firmamentum
1584 2850 1871 2921 veritatis,
1895 2849 2039 2925 quia
2064 2848 2127 2906 in
2154 2867 2227 2907 ea
2253 2850 2387 2909 sola
2412 2858 2529 2910 stat
2556 2856 2774 2914 veritas

365 2932 619 2999 firmata,
667 2948 802 3004 quae
851 2930 982 2988 sola
1027 2929 1283 2989 sustinet
1330 2930 1649 2988 aedificium
1698 2927 2037 2999 Ecclesiae,'’
2120 2926 2220 2986 Sic
2259 2927 2484 2989 Caieta.
2527 2932 2593 2989 in
2638 2934 2700 2991 h.
2728 2934 2772 2993 1.

373 3014 410 3042 “
435 3007 678 3065 Veritas
703 3006 1122 3083 mysteriorum
1149 3008 1512 3067 Divinorum
1539 3008 1709 3065 velut
1734 3005 1967 3064 excelse
1994 3011 2363 3064 sustentatur
2388 3008 2451 3065 in
2482 3008 2769 3083 Ecclesia,

371 3088 521 3144 dum
549 3103 728 3161 super
755 3086 957 3145 omnia
999 3087 1284 3147 asseritur
1309 3093 1372 3145 et
1396 3086 1630 3158 colitur,
1660 3084 1798 3144 etin
1824 3085 1954 3161 ipsa
1982 3082 2249 3143 Ecclesia
2274 3085 2360 3143 ita
2384 3086 2642 3149 fundata
2666 3098 2771 3169 est,

370 3170 441 3223 ut
465 3170 636 3223 extra
663 3183 794 3223 eam
815 3184 934 3223 non
961 3164 1364 3224 inveniatur.”

449 3242 657 3301 XXX.
703 3242 820 3303 Sed
848 3243 991 3319 quia
1016 3262 1140 3301 non
1167 3245 1406 3301 videtur
1429 3243 1765 3319 Apostolus
1791 3244 1869 3301 ad
1896 3242 2234 3318 generalem
2263 3242 2439 3303 illum
2465 3248 2775 3309 columna-

367 3341 505 3380 rum
529 3340 708 3379 usum
724 3323 1024 3381 duntaxat
1043 3322 1364 3399 respexisse
1386 3344 1402 3395 ;
1424 3340 1637 3380 verum
1658 3322 1735 3380 ad
1753 3322 1901 3398 quid
1922 3321 2243 3397 specialius
2270 3322 2561 3399 allusisse,
2585 3346 2775 3404 quum

369 3402 732 3459 mentionem
777 3400 923 3459 facit
965 3399 1198 3461 Domus
1244 3402 1392 3461 Dei:
1434 3401 1745 3460 videamus
1792 3402 2097 3477 quodnam
2150 3403 2414 3477 potuerit
2460 3424 2585 3464 esse
2612 3408 2777 3466 locu-

369 3479 550 3538 tionis
591 3480 764 3539 istius
809 3479 1310 3551 fundamentum3
1353 3480 1434 3539 Et
1481 3488 1550 3537 ιιι
1597 3480 1751 3538 nihil
1797 3481 2066 3538 dicamus
2094 3479 2169 3538 de
2196 3481 2434 3542 duabus
2458 3486 2773 3558 columnis,

369 3559 558 3617 altera
603 3559 880 3629 lateritia,
909 3558 1149 3633 lapidea
1191 3562 1398 3631 altera,
1428 3578 1578 3635 quas
1616 3559 1889 3617 homines
1931 3566 2067 3617 ante
2111 3559 2411 3618 diluvium
2438 3572 2774 3636 erexerunt,

369 3644 441 3695 ut
492 3636 555 3695 in
602 3637 674 3697 iis
727 3636 1116 3697 inscriberent
1166 3638 1412 3697 inventa
1451 3657 1579 3711 sua,
1624 3639 1701 3696 de
1748 3638 1967 3713 quibus
1992 3636 2037 3696 J
2040 3640 2311 3715 osephuS,
2342 3638 2445 3697 lib.
2492 3640 2531 3697 i.
2564 3640 2776 3718 Antiq.

371 3716 414 3774 J
417 3718 520 3775 ud.
571 3736 620 3775 c.
677 3718 714 3775 3
737 3738 753 3787 ;
794 3714 949 3774 nihil
1017 3716 1196 3775 etiam
1251 3719 1326 3776 de
1395 3719 1679 3776 columna
1728 3717 1906 3774 nubis
1960 3722 2021 3774 et
2072 3716 2245 3791 ignis,
2306 3734 2486 3794 quam
2548 3720 2779 3793 populo

378 3794 726 3865 IsraeliticO,
754 3801 825 3852 ut
870 3792 1040 3867 ὁδηγοὶ,
1079 3795 1407 3855 exhibitam
1450 3796 1633 3854 refert
1679 3794 1899 3866 Moses,
1948 3802 2009 3853 et
2043 3794 2107 3851 in
2144 3814 2267 3870 qua
2315 3795 2778 3855 Deushabitasse

377 3871 596 3929 dicitur
620 3894 636 3943 ;
678 3874 924 3933 Certum
951 3882 1041 3933 est
1078 3873 1140 3932 in
1169 3874 1420 3952 Templo
1449 3874 2020 3948 Hierosolymitano,
2043 3874 2207 3948 quod
2236 3872 2521 3949 peculiari
2548 3874 2781 3933 ratione

375 3947 612 4007 Domus
649 3950 766 4009 Dei
807 3954 1156 4025 vocabatur,
1185 3954 1378 4012 varias
1420 3955 1732 4011 columnas
1772 3952 1975 4023 fuisse,
2001 3953 2080 4009 ad
2123 3968 2273 4027 quas
2300 3951 2557 4026 digitum
2584 3954 2785 4027 potuit

375 4025 606 4085 Paulus
630 4028 968 4103 intendere;
1011 4038 1082 4089 ut
1111 4030 1438 4090 Ecclesiam
1459 4038 1778 4089 vocaverat
1804 4030 2063 4088 Domum
2103 4028 2223 4087 Da·
2241 4032 2319 4089 ad
2348 4030 2666 4104 Templum
2692 4050 2785 4091 re-

376 4105 662 4180 spiciens;
703 4108 792 4165 ita
816 4110 1018 4183 potuit
1043 4111 1296 4168 eandem
1325 4110 1653 4169 Ecclesiam
1680 4109 1791 4167 sub
1818 4109 1941 4167 alia
1966 4108 2131 4185 σχέο-ιι
2178 4126 2389 4167 vocare
2418 4110 2783 4183 columnam,

375 4185 705 4243 alludendo
753 4186 850 4245 vel
895 4190 973 4246 ad
1020 4191 1173 4247 duas
1220 4190 1358 4247 illas
1405 4189 1713 4248 columnas
1758 4206 1959 4259 aereaS,
2004 4204 2260 4262 quarum
2286 4206 2411 4245 una
2437 4206 2550 4257 pm,
2593 4188 2785 4247 altera

376 4280 480 4319 ma
499 4262 828 4340 dicebatur,
852 4267 928 4324 de
946 4268 1166 4343 quibus
1186 4269 1414 4327 mentio
1429 4271 1498 4327 fit
1517 4269 1547 4325 1
1575 4266 1725 4341 Reg.
1738 4266 1837 4323 vii.
1863 4265 1957 4336 21,
1982 4283 2117 4340 quae
2141 4264 2407 4342 apposite
2424 4266 2658 4323 firmam
2671 4266 2787 4326 Ec-

377 4340 567 4401 clesiae
581 4345 995 4418 constantiam,
1007 4355 1069 4407 et
1083 4349 1271 4405 robur
1289 4348 1580 4405 invictum
1590 4344 1989 4418 designabant
2007 4364 2022 4414 ;
2053 4345 2149 4399 vel
2166 4344 2245 4400 ad
2256 4344 2602 4401 columnam
2613 4344 2783 4405 illam

377 4438 590 4480 aeream
631 4425 1100 4497 memorabilem,
1133 4446 1316 4501 quam
1363 4425 1649 4483 excitasse
1677 4423 1895 4480 dicitur
1944 4422 2229 4481 Salomon
2258 4422 2320 4479 in
2349 4422 2501 4481 atrio
2530 4423 2783 4502 Templi,

375 4498 450 4555 de
499 4520 621 4576 qua
672 4505 740 4561 fit
791 4505 1018 4563 mentio
1046 4506 1085 4563 2
1127 4504 1276 4581 Reg.
1333 4504 1414 4562 xi.
1447 4504 1538 4574 14,
1594 4507 1657 4559 et
1705 4502 1743 4559 2
1786 4500 2004 4561 Chron.
2034 4500 2113 4557 vi.
2161 4498 2254 4573 13,
2283 4520 2419 4577 quae
2442 4504 2621 4561 modo
2649 4524 2787 4577 saar,

375 4580 556 4637 modo
584 4588 764 4639 νήπι’-,ππ
794 4602 885 4653 ‘0³³³
918 4584 1070 4643 basis
1097 4604 1252 4643 aerea
1281 4595 1334 4641 et
1361 4590 1666 4659 suyyestus
1692 4580 1929 4653 dicitur,
1948 4580 2113 4655 quod
2135 4599 2257 4639 non
2285 4582 2443 4641 male
2470 4586 2791 4657 respondet

375 4663 579 4717 nostro
629 4655 944 4739 ἐδςαιάμκτι,
977 4683 1110 4739 quae
1140 4666 1226 4723 ita
1254 4664 1548 4721 columnae
1579 4660 1837 4736 figuram
1862 4660 2139 4735 habebat,
2170 4666 2239 4721 ut
2264 4668 2417 4721 esset
2443 4662 2625 4721 etiam
2652 4670 2803 4735 sug-'
