3234 5192
341 346 575 388 msru‘r.
608 323 721 405 vn]
1212 342 1443 384 nosraa
1473 344 1551 384 Aa
1579 343 1866 385 accessui
1898 342 2164 383 nomam.
2655 322 2764 379 129

338 499 400 549 et
426 486 737 567 prudentia
762 484 1017 563 politica,
1050 484 1381 563 virtuteque
1410 485 1620 545 bellica
1647 486 1782 545 illos
1811 484 2130 563 subegisse,
2177 504 2282 542 nec
2331 482 2462 541 aliis
2509 480 2760 559 regioni-

336 570 447 629 bus
476 567 746 649 quamvis
774 586 809 625 a
836 585 899 625 se
928 563 1175 624 devictis
1222 566 1563 643 religionem
1610 586 1772 625 suam
1815 565 2176 644 imposuisse,
2209 562 2312 623 sed
2359 562 2544 640 ipsam
2571 561 2765 639 potius

335 650 412 709 ab
439 650 511 708 iis
538 646 849 725 accepisse,
894 654 953 704 et
998 645 1237 703 numina
1280 646 1589 723 peregrina
1636 647 1697 705 in
1745 646 2098 723 triumphum
2143 645 2494 723 deportasse,
2546 650 2604 701 et
2646 641 2765 699 illis

338 730 555 808 templa
583 726 931 788 extruxisse.
978 725 1135 783 Hinc
1156 727 1275 785 Leo
1304 726 1377 785 de
1402 726 1577 785 Petro
1625 736 1684 785 et
1734 726 1935 802 Paulo,
1966 726 2149 785 Serm.
2184 728 2235 799 1,
2269 723 2466 781 “Haec
2494 721 2763 797 civitas,”

336 811 544 887 inquit,
578 811 615 843 “
638 809 913 885 ignorans
941 824 1059 866 suae
1087 806 1477 883 provectionis
1505 815 1815 882 auctorem,
1847 826 1978 866 cum
2020 825 2166 882 pene
2209 802 2475 863 omnibus
2504 801 2764 861 domina·

338 898 497 949 retur
524 888 813 967 gentibus,
866 886 1119 945 omnium
1168 887 1431 963 gentium
1471 886 1764 946 serviebat
1799 886 2104 962 erroribus,
2136 895 2196 944 et
2237 902 2506 960 maguam
2537 882 2648 941 sibi
2677 880 2764 938 vi·-

338 970 586 1030 debatur
626 967 1005 1044 assumpsisse
1034 966 1392 1044 religionem,
1422 967 1560 1044 quia
1586 967 1808 1027 nullam
1851 966 2160 1044 respuebat
2187 963 2555 1023 falsitatem.”
2645 959 2764 1021 Sed

340 1051 452 1109 hoc
480 1070 649 1109 novae
680 1050 881 1107 Romae
910 1046 1165 1124 apprime
1216 1046 1505 1123 convenit,
1556 1066 1706 1125 quae,
1759 1056 1825 1107 ut
1871 1068 1948 1107 ex
1997 1066 2208 1124 sponsa
2253 1044 2469 1103 Christi
2496 1043 2648 1101 facta
2675 1049 2766 1100 est

340 1130 620 1205 adultera,
652 1128 819 1187 alteri
847 1135 1055 1204 practer
1081 1125 1392 1202 Christum,
1423 1127 1525 1204 qui
1546 1146 1607 1186 se
1638 1127 1917 1186 vicarium
1948 1127 2179 1201 Christi,
2211 1133 2272 1184 et
2308 1142 2584 1202 sponsum
2631 1142 2762 1199 pro·

344 1211 557 1285 fitetur,
590 1229 651 1269 se
666 1207 971 1286 jungendo
994 1229 1007 1282 ;
1054 1205 1151 1281 ita,
1182 1215 1249 1266 ut
1274 1215 1459 1267 mater
1480 1208 1895 1267 scortationum
1923 1215 1984 1265 et
2010 1205 2522 1279 abominationum,
2553 1212 2764 1263 terram

342 1290 719 1350 fornicatione
748 1307 855 1346 sua
880 1286 1148 1363 corrupit,
1179 1295 1240 1346 et
1266 1287 1704 1365 superstitiones
1727 1307 1878 1363 suas,
1910 1296 1968 1346 et
2005 1285 2396 1345 idololatricos
2423 1282 2614 1343 cultus
2642 1302 2764 1342 om-

343 1369 537 1442 nibus,
568 1368 677 1427 sub
698 1386 870 1444 poena
896 1367 1167 1442 fulminis,
1200 1368 1374 1426 etiam
1401 1367 1602 1425 invitis
1631 1367 1896 1427 obtrusit.

430 1449 612 1507 VIII.
656 1446 869 1523 Tertio,
894 1448 993 1506 illa
1012 1448 1199 1506 Roma
1225 1468 1327 1525 per
1346 1447 1712 1524 Babylonem
1729 1456 1820 1506 est
1839 1446 2234 1525 intelligenda,
2249 1465 2378 1523 quae
2400 1444 2657 1503 cecidisse
2674 1442 2762 1501 di-

345 1529 513 1603 citur,
562 1531 597 1561 “
620 1528 699 1587 Et
739 1526 891 1587 facta
930 1527 1285 1586 domicilium
1312 1527 1745 1603 daemoniorum,
1779 1534 1839 1586 et
1866 1528 2129 1587 custodia
2155 1526 2344 1586 omnis
2392 1525 2628 1603 spiritus
2654 1524 2762 1581 im-

344 1609 609 1685 mundi,'’
640 1606 768 1684 810,
802 1606 987 1685 Apoc.
1016 1608 1183 1667 xviii.
1214 1612 1270 1667 2.
1356 1607 1443 1666 At
1468 1608 1580 1667 hoc
1608 1607 1902 1667 excidium
1929 1607 2028 1665 vel
2055 1626 2224 1667 casus
2255 1608 2457 1665 Romae
2497 1604 2762 1664 Ethnicae

346 1698 671 1767 competere
727 1688 945 1764 nequit,
975 1688 1090 1747 nisi
1125 1688 1383 1747 excisam
1406 1688 1583 1747 fuisse
1624 1687 1802 1763 dicas,
1827 1707 2006 1766 quum
2033 1687 2186 1747 facta
2213 1696 2303 1747 est
2331 1686 2674 1760 Christiana,
2705 1693 2764 1744 et

348 1771 520 1830 desiit
548 1789 675 1829 esse
706 1769 960 1845 Pagana,
982 1768 1140 1846 quod
1160 1788 1331 1827 nemo
1348 1768 1562 1828 dixerit
1580 1790 1596 1846 ς
1641 1769 1824 1827 multo
1843 1768 2034 1827 minus
2054 1767 2265 1846 poterit
2281 1766 2398 1826 dici
2413 1766 2566 1825 facta
2587 1766 2763 1824 domi·

346 1852 530 1910 cilium
561 1849 981 1925 daemoniorum,
1022 1868 1155 1908 cum
1182 1848 1355 1909 fuerit
1379 1848 1774 1909 habitaculum
1804 1848 2083 1907 Ecclesiae
2110 1867 2378 1907 verorum
2408 1845 2764 1906 Christiano·

348 1952 494 1991 rum.
526 1931 753 1989 Rursus
770 1928 1001 2006 quando
1020 1927 1296 1988 cecidisse
1313 1927 1571 1989 dicemus
1580 1930 1732 1989 hanc
1747 1930 2150 2006 Babylonem?
2177 1928 2332 1988 Num
2343 1926 2574 2005 quando
2593 1926 2766 1987 desiit

350 2011 622 2089 persequi
651 2009 1013 2069 Christianos
1028 2012 1057 2068 Ρ
1114 2009 1267 2069 Num
1296 2008 1529 2085 quando
1559 2009 1976 2069 Constantinus
2022 2009 2086 2067 in
2133 2009 2374 2087 imperio
2417 2008 2766 2067 constitutus

352 2092 710 2151 Christianos
726 2088 865 2148 laedi
878 2089 1211 2167 prohibuit?
1253 2090 1408 2149 Num
1426 2089 1673 2166 sumpsit
1688 2098 1812 2149 tum
1827 2090 1988 2149 Deus
2004 2089 2076 2149 de
2095 2089 2288 2149 Roma
2301 2108 2519 2167 poenas,
2533 2087 2764 2165 quando

350 2172 447 2251 pia
475 2181 533 2231 et
562 2170 890 2231 Christiana
916 2168 1069 2228 facta
1096 2177 1185 2229 est
1204 2173 1232 2228 ¹?
1314 2170 1401 2229 At
1425 2170 1537 2229 hoc
1566 2170 1778 2229 summi
1805 2169 2033 2245 amoris,
2055 2189 2172 2228 non
2201 2170 2314 2229 Dei
2337 2168 2472 2238 odii,
2503 2168 2762 2227 testimo-

349 2252 509 2311 nium
538 2251 663 2311 fuit.
712 2250 845 2309 Scio
864 2249 1145 2326 quosdam
1163 2249 1273 2309 hoc
1292 2250 1495 2309 Romae
1512 2250 1806 2309 excidium
1823 2250 2034 2309 referre
2054 2250 2205 2309 velle
2226 2249 2301 2309 ad
2329 2248 2570 2324 cladem,
2591 2266 2765 2325 quam

351 2333 426 2391 ab
457 2331 697 2391 Herulis
725 2338 785 2389 et
827 2330 1040 2390 Gothis
1060 2350 1233 2407 passa
1258 2338 1348 2389 est
1363 2329 1529 2389 initio
1558 2329 1748 2407 quinti
1764 2331 1962 2390 seculi.
2010 2330 2127 2390 Sed
2143 2332 2328 2390 multa
2345 2338 2480 2390 sunt
2507 2349 2636 2407 quae
2654 2330 2764 2389 hoc'

350 2410 630 2490 effugium
660 2430 875 2469 vanum
904 2430 1031 2469 esse
1060 2410 1409 2487 ostendunt;
1456 2414 1512 2469 1.
1543 2410 1694 2486 Quia
1722 2411 1972 2471 Gothica
1995 2411 2206 2487 clades,
2230 2410 2368 2471 licet
2387 2430 2617 2487 magna,
2647 2430 2766 2469 non

357 2492 469 2551 fuit
496 2500 691 2551 tamen
718 2490 985 2550 ultimum
1014 2499 1073 2549 et
1099 2490 1271 2550 finale
1301 2492 1503 2551 Romae
1531 2491 1841 2568 excidium,
1874 2492 1946 2551 (10
1975 2512 2090 2569 quo
2116 2492 2376 2570 loquitur
2401 2492 2445 2552 J
2449 2511 2682 2565 001111οε,
2703 2501 2769 2550 ut

354 2571 553 2648 colligi
570 2579 761 2649 potest
778 2591 854 2630 ex
882 2590 1003 2630 ver.
1029 2575 1124 2646 22,
1150 2575 1248 2646 23,
1280 2570 1381 2630 ubi
1407 2572 1613 2631 ultima
1641 2578 1700 2631 et
1716 2592 2012 2650 nunquam
2027 2571 2347 2650 reparanda
2369 2572 2572 2631 Romae
2601 2573 2766 2631 deso-

351 2652 495 2711 latio
523 2652 793 2729 graphice
823 2650 1184 2727 describitur,
1216 2650 1373 2729 quod
1398 2651 1547 2711 bene
1576 2652 1851 2712 observat
1881 2653 2113 2729 Suarez,
2144 2653 2245 2713 lib.
2276 2674 2333 2712 v.
2365 2674 2488 2731 cap.
2521 2656 2577 2711 7.
2607 2673 2765 2713 num.

359 2735 451 2810 11,
486 2732 833 2791 “Desolatio
856 2732 1059 2790 Romae
1077 2752 1207 2809 quas
1234 2730 1583 2809 praedicitur,
1625 2731 1813 2809 Apoc.
1845 2734 2030 2808 xviii„
2061 2732 2172 2792 erit
2209 2733 2572 2809 sempiterna,
2607 2733 2766 2791 ideo-

352 2832 467 2890 que
485 2820 706 2871 certum
726 2810 959 2871 videtur
974 2812 1271 2871 oraculum
1287 2812 1434 2871 illud
1460 2812 1523 2870 in
1546 2812 1710 2871 nullo
1729 2813 2177 2891 praecedentium
2195 2812 2550 2871 excidiorum
2565 2813 2768 2872 Romae

354 2892 657 2969 impletum
684 2891 921 2951 fuisse.'’
1006 2893 1084 2952 Et
1122 2912 1248 2970 cap.
1291 2896 1390 2951 21.
1418 2912 1576 2953 1111111.
1602 2895 1657 2967 6,
1705 2896 1741 2925 “
1766 2892 2078 2969 Prophetia
2117 2893 2220 2951 illa
2245 2892 2502 2951 nondum
2531 2893 2770 2970 impleta

356 2981 463 3048 est,
494 2972 751 3031 nondum
779 2972 934 3031 enim
962 2972 1151 3031 Roma
1197 2971 1309 3031 fuit
1334 2972 1565 3049 penitus
1606 2971 1882 3031 extincta.
1964 2972 2114 3031 Nam
2141 2972 2278 3031 licet
2305 2972 2529 3049 aliquas
2556 2992 2768 3049 graves

356 3053 731 3129 calamitates,
764 3059 822 3111 et
865 3052 1061 3111 clades
1106 3072 1224 3111 non
1252 3052 1509 3111 modicas
1539 3051 1648 3110 sub
1679 3052 1890 3111 Gothis
1932 3060 1992 3111 et
2018 3052 2303 3111 Vandalis
2344 3072 2516 3129 passa
2544 3054 2634 3129 sit,
2665 3074 2770 3130 per

356 3133 489 3191 illas
536 3141 731 3192 tamen
772 3152 891 3191 non
938 3140 1029 3191 est
1074 3132 1312 3211 impleta
1359 3132 1463 3191 illa
1509 3132 1553 3191 J
1555 3132 1760 3190 oannis
1787 3132 2104 3209 prophetia,
2150 3131 2305 3191 dicto
2335 3152 2459 3211 cap.
2495 3136 2586 3209 18,
2631 3135 2769 3212 quia

354 3232 462 3291 per
486 3212 588 3272 illa
616 3212 846 3272 excidia
892 3212 1107 3271 factum
1148 3232 1267 3271 non
1293 3221 1399 3287 est,
1444 3220 1511 3270 ut
1550 3211 1800 3289 amplius
1839 3231 1958 3271 non
1997 3213 2385 3273 inveniatur.''
2471 3218 2526 3273 2.
2559 3213 2769 3275 Clades

358 3293 611 3355 Gothica
640 3294 843 3351 Romae
870 3312 987 3351 non
1012 3292 1257 3369 contigit
1284 3292 1424 3353 dum
1452 3300 1577 3351 erat
1604 3292 1872 3368 Ethnica,
1905 3292 2009 3352 sed
2035 3304 2342 3372 postquam
2371 3294 2446 3353 ad
2475 3295 2768 3355 Christum

357 3393 641 3433 conversa
666 3372 871 3448 fuerat,
902 3392 1009 3431 nec
1037 3373 1284 3451 amplius
1314 3372 1674 3432 Christianos
1715 3373 2182 3450 persequebatur.
2267 3378 2324 3434 3.
2356 3375 2666 3435 Excidium
2695 3376 2768 3436 de

357 3472 473 3532 quo
502 3454 546 3513 J
550 3473 784 3529 oanneS,
816 3473 850 3511 a
876 3453 1089 3530 populo
1120 3452 1249 3527 Dei,
1274 3462 1580 3531 postquam
1598 3474 1630 3513 e
1655 3453 1958 3530 Babylone
1985 3455 2208 3530 exierit,
2231 3454 2592 3515 inserendum
2621 3456 2770 3534 fuit3

360 3534 446 3593 sic
474 3533 627 3593 enim
654 3532 929 3611 loquitur,
961 3553 1083 3595 ver.
1113 3536 1169 3609 4,
1218 3535 1253 3566 “
1279 3532 1503 3593 Audivi
1542 3552 1748 3593 vocem
1793 3554 1826 3591 e
1872 3534 2018 3593 coelo
2049 3535 2351 3611 dicentem,
2379 3536 2554 3596 Exite
2576 3556 2651 3595 ex
2679 3557 2766 3613 ea,

358 3614 571 3692 popule
600 3614 696 3690 mi,
727 3633 801 3673 ne
844 3612 1153 3691 participes
1202 3612 1328 3673 sitis
1368 3621 1753 3691 peccatorum,
1801 3611 1909 3673 &c.
1962 3614 2210 3675 Reddite
2255 3615 2310 3674 ei
2357 3616 2509 3675 sicut
2547 3624 2607 3675 et
2647 3617 2774 3693 ipsa

356 3692 613 3753 reddidit
652 3693 880 3753 vobis.”
966 3692 1053 3753 At
1098 3694 1225 3753 haec
1273 3693 1540 3753 Gothicae
1586 3692 1739 3751 cladi
1782 3692 2228 3772 haudquaquam
2257 3696 2625 3771 conveniunt,
2670 3696 2774 3756 illa

360 3773 515 3833 enim
544 3794 661 3832 non
688 3794 723 3832 a
743 3773 957 3851 populo
988 3773 1101 3832 Dei
1126 3794 1160 3832 e
1189 3773 1493 3850 Babylone
1542 3790 1797 3850 egreSSO,
1831 3773 1933 3832 sed
1976 3775 2190 3853 populo
2220 3775 2334 3833 Dei
2374 3776 2448 3834 ab
2492 3774 2772 3837 illuvione

358 3853 677 3927 barbarica,
708 3852 931 3912 Ariana
951 3861 1112 3931 peste
1142 3852 1369 3929 infecta,
1400 3852 1789 3929 infligebatur.
1843 3854 2107 3932 Denique
2136 3855 2459 3931 Babylonis
2481 3854 2773 3915 excidium

358 3932 602 4010 regibus
636 3942 819 4008 terrae,
850 3942 909 3992 et
934 3933 1129 4011 impiis
1156 3933 1426 3992 omnibus
1471 3933 1681 4009 luctus,
1712 3933 1825 4010 piis
1867 3954 2010 3993 vero
2052 3934 2250 4013 gaudii
2292 3943 2351 3993 et
2377 3934 2768 4013 exultationis,

358 4012 661 4071 materiam
710 4014 1086 4090 praebiturum
1129 4022 1235 4073 est.
1318 4012 1406 4073 At
1454 4020 1656 4072 contra
1696 4013 1890 4073 clades
1931 4014 2048 4091 illa,
2080 4034 2198 4093 qua
2236 4013 2482 4073 Barbari
2525 4015 2770 4075 Romam

360 4090 695 4168 affecerunt,
726 4092 838 4169 piis
865 4093 1098 4169 doloris,
1130 4092 1322 4171 impiis
1348 4093 1567 4153 laetitiae
1595 4113 1772 4153 causa
1797 4093 1925 4154 fuit.

446 4171 567 4230 IX.
612 4172 846 4248 Quarto,
876 4174 949 4232 de
978 4193 1046 4232 ea
1076 4174 1264 4233 Roma
1309 4172 1566 4251 loquitur
1592 4174 1637 4234 J
1640 4194 1873 4251 oannes,
1904 4174 2092 4253 qualis
2120 4174 2312 4234 futura
2358 4182 2497 4249 erat,
2549 4174 2657 4234 sub
2685 4178 2774 4236 ul-

360 4252 507 4311 timo
537 4254 743 4330 capite,
772 4253 873 4331 qui
901 4274 1007 4313 rex
1028 4263 1290 4327 octavus,
1320 4263 1379 4314 et
1418 4274 1571 4313 unus
1599 4274 1632 4313 e
1662 4262 1884 4332 septem
1929 4254 2156 4329 dicitur,
2203 4254 2286 4313 sic
2325 4254 2478 4312 enim
2517 4256 2616 4331 ait,
2647 4276 2772 4337 cap.

361 4331 509 4391 xvii.
545 4336 639 4407 10,
687 4336 723 4366 “
750 4333 982 4410 Septem
1032 4334 1224 4411 capita
1251 4341 1389 4393 sunt
1431 4342 1652 4413 septem
1700 4354 1888 4411 reges,
1946 4334 2200 4410 quinque
2246 4333 2593 4409 ceciderunt,
2624 4356 2777 4399 unus

363 4419 473 4488 est,
504 4421 564 4472 et
606 4413 755 4473 alius
796 4413 1053 4473 nondum
1095 4414 1274 4489 venit,
1320 4423 1379 4474 ct
1418 4433 1599 4490 quum
1639 4412 1880 4489 venerit,
1939 4421 2165 4490 oportet
2205 4434 2335 4471 eum
2376 4413 2450 4472 ad
2497 4416 2778 4496 exiguum

364 4500 597 4569 tempus
636 4512 911 4569 manere;
972 4502 1033 4554 et
1070 4494 1257 4553 bestia
1284 4513 1413 4572 quse
1457 4502 1580 4553 erat
1616 4502 1677 4553 et
1703 4512 1820 4552 non
1849 4501 1954 4568 est,
2005 4501 2248 4553 octavus
2289 4504 2394 4572 est,
2426 4504 2484 4556 et
2512 4516 2662 4557 unus
2703 4522 2779 4560 ex

364 4579 605 4648 septem,
638 4574 785 4633 etin
813 4573 1058 4633 exitium
1085 4573 1264 4633 abit.’'
1350 4573 1521 4648 Quod
1568 4573 1619 4633 si
1667 4573 1834 4633 nobis
1880 4582 2288 4651 repraesentare
2335 4575 2617 4638 voluisset
2661 4582 2778 4640 Ro-

366 4671 521 4711 mam
572 4653 901 4729 Ethnicam,
946 4674 1063 4715 11011
1104 4653 1503 4732 descripsisset
1538 4654 1717 4731 illam,
1769 4652 1958 4733 qualis
2006 4654 2200 4717 futura
2248 4666 2370 4717 erat
2417 4657 2527 4719 sub
2573 4670 2780 4719 octavo

2518 4755 2541 4793 1
