3234 5192
526 289 641 347 704
1064 306 1141 348 ns
1172 308 1656 350 sarrsr‘ac‘rxoms
1685 310 1922 352 cunis-n
1951 308 2380 352 renrscrrons.
2459 292 2718 373 [msrur.
2749 314 2930 357 xxm.

516 455 711 505 tamen
752 455 987 525 propter
1034 448 1398 529 illud-ipsum
1442 462 1746 529 peccatum
1791 472 1892 511 eos
1937 472 2064 511 csse
2109 452 2542 529 castigaturum,
2573 475 2752 533 quum
2798 458 2928 518 aliis

513 528 768 605 peccatis
796 548 929 586 eum
958 528 1261 605 irritarent,
1294 530 1398 589 sed
1446 552 1561 589 non
1611 533 1754 592 dicit
1799 553 1860 591 se
1903 552 2106 609 poenas
2148 533 2220 592 de
2249 532 2322 591 iis
2351 543 2750 612 sumpturum;
2798 536 2926 597 Imo

514 627 633 666 non
661 608 903 667 obscure
934 610 1283 669 contrarium
1312 610 1541 671 elicitur
1584 632 1658 671 ex
1705 612 2194 688 antecedentibus,
2227 612 2288 669 in
2332 614 2544 689 quibus
2575 616 2737 675 Deus
2755 617 2928 695 jubet

516 688 745 747 Mosem
790 689 991 765 praeire
1018 684 1249 768 populo,
1281 700 1341 750 et
1387 692 1695 771 pollicetur
1743 692 2038 769 Angelum
2090 712 2256 751 suum
2287 693 2509 753 itineris
2538 695 2760 772 ducem,
2793 717 2922 774 quae

513 787 631 826 non
660 768 703 827 J
706 768 893 828 udicis
920 769 1069 845 irati,
1101 770 1205 829 sed
1232 772 1471 849 benigni
1495 773 1686 831 Patris
1709 781 1843 832 sunt
1871 780 2250 849 argumenta;
2296 773 2502 850 Itaque
2530 776 2770 836 visitatio
2798 778 2923 837 haec

514 847 587 907 de
615 869 731 926 qua
756 848 1029 925 loquitur,
1061 870 1178 909 non
1206 859 1295 910 est
1321 852 1438 926 irae,
1470 852 1575 911 sed
1617 852 1846 928 amoris,
1877 872 1996 911 non
2039 852 2278 911 ultionis
2327 854 2572 929 propriae
2600 856 2786 932 dictae,
2819 858 2924 917 scd

512 928 908 1007 castigationis
918 938 1188 1007 paternas,
1203 932 1491 1008 quomodo
1506 951 1619 991 non
1641 950 1771 991 raro
1781 952 1901 991 vox
1923 932 2035 992 ista
2056 941 2382 1010 usurpatur,
2401 932 2803 996 Psal.lxxxix.
2819 941 2918 998 32.

596 1010 846 1067 XXVI.
891 1010 1151 1068 Tertium
1196 1013 1525 1089 exemplum
1570 1020 1751 1088 extat,
1786 1013 1957 1072 Num.
1989 1013 2111 1071 xiv.
2141 1016 2238 1089 20,
2268 1014 2370 1071 ubi
2400 1014 2562 1073 Deus
2591 1015 2803 1076 dicitur
2829 1019 2918 1095 ig-

509 1090 742 1149 novisse
772 1089 1049 1149 Israelitis
1076 1091 1569 1152 murmurantibus
1596 1100 1658 1151 et
1705 1100 1900 1153 tamen
1927 1101 2131 1171 postea
2157 1094 2218 1151 in
2247 1112 2476 1169 poenam
2505 1096 2828 1172 ingressum
2857 1098 2921 1156 in

510 1177 722 1229 terram
752 1170 983 1229 Canaan
1012 1171 1397 1247 interdixisse,
1430 1192 1561 1232 cum
1606 1192 1806 1233 omnes
1855 1174 1918 1231 in
1965 1172 2192 1232 deserto
2241 1174 2389 1231 mori
2430 1174 2618 1235 voluit
2663 1178 2924 1255 exceptis

509 1250 649 1309 solis
676 1251 721 1310 J
724 1269 865 1309 osua
892 1260 950 1310 et
980 1250 1157 1310 Caleb
1184 1252 1287 1329 qui
1313 1272 1428 1311 non
1458 1263 1974 1330 murmuraverant,
2007 1254 2085 1313 Et
2111 1254 2261 1312 hanc
2289 1253 2466 1313 fuisse
2495 1274 2725 1332 poenam
2753 1257 2924 1317 dubi·

508 1331 619 1389 tari
666 1330 869 1408 nequit
912 1350 1043 1390 cum
1090 1352 1363 1410 expresse
1409 1333 1565 1392 dicat
1614 1334 1919 1410 Dominus,
1975 1336 2010 1367 “
2036 1334 2114 1393 Et
2142 1333 2338 1393 scietis
2365 1334 2645 1395 ultionem
2673 1336 2923 1412 meam,”

506 1430 628 1470 ver.
660 1414 757 1471 34.
801 1412 1022 1470 Verum
1049 1412 1263 1473 frustra
1300 1422 1390 1473 est
1437 1413 1577 1473 dum
1623 1416 1706 1473 ita
1749 1414 2140 1474 ratiocinatur.
2225 1414 2374 1472 Nam
2403 1415 2590 1492 primo
2619 1437 2920 1495 perperam

506 1491 743 1551 affertur
770 1492 1100 1569 exemplum
1130 1512 1451 1553 numerosae
1480 1496 1674 1572 gentis
1693 1495 1796 1554 ubi
1824 1495 2018 1571 agitur
2044 1494 2118 1553 de
2149 1494 2555 1555 Satissactione
2583 1516 2714 1575 quse
2743 1498 2918 1557 debe-

506 1578 603 1630 tur
623 1592 657 1629 a
680 1572 926 1649 singulis
948 1595 963 1648 3
1008 1573 1065 1630 N
1066 1592 1132 1630 ec
1160 1573 1210 1629 si
1238 1573 1540 1632 remissum
1570 1574 1782 1633 dicitur
1807 1582 2125 1651 peccatum,
2155 1580 2348 1649 potest
2375 1574 2624 1651 intelligi
2651 1586 2920 1653 respectu

506 1653 763 1709 omnium
792 1660 851 1709 et
880 1652 1257 1727 singulorum,
1290 1653 1395 1711 sed
1422 1660 1648 1712 tantum
1675 1673 1874 1712 eorum
1896 1653 1998 1729 qui
2019 1652 2383 1711 crediderant
2409 1661 2468 1712 et
2495 1657 2762 1713 conversi
2789 1657 2918 1715 fue-

504 1738 670 1805 rant3
717 1731 922 1805 Itaque
952 1730 1001 1787 si
1029 1731 1130 1806 qui
1158 1730 1441 1789 increduli
1482 1740 1898 1803 remanserunt,
1929 1749 2086 1789 mors
2131 1739 2190 1789 et
2233 1731 2559 1791 interdictio
2606 1742 2773 1792 terres
2803 1737 2918 1793 Ca-

504 1828 656 1866 naan
683 1828 885 1867 revera
910 1808 1020 1867 fuit
1048 1828 1219 1885 poena
1263 1817 1321 1868 et
1364 1811 1640 1885 vindicta,
1673 1810 1776 1869 sed
1822 1811 1934 1887 piis
1979 1819 2039 1869 et
2080 1809 2352 1870 fidelibus
2379 1810 2701 1889 disciplina.
2787 1814 2918 1875 Nec

504 1888 853 1947 contrarium
883 1888 1087 1947 suadet
1114 1906 1235 1947 vox
1278 1890 1507 1948 ultionis
1550 1908 1723 1967 quam
1771 1890 2058 1949 Dominus
2105 1890 2305 1967 addit3
2351 1890 2502 1949 Nam
2527 1900 2914 1972 praeterquam

502 1969 676 2047 quod,
696 1968 783 2028 uti
803 1970 929 2047 jam
947 1968 1221 2045 diximus,
1243 1970 1433 2047 potuit
1448 1970 1642 2030 locum
1662 1972 1875 2031 habere
1897 1990 2048 2049 resp.
2071 1970 2397 2049 impiorum,
2418 1980 2479 2032 et
2503 1993 2656 2051 resp.
2687 1975 2914 2052 piorum

501 2050 782 2109 ultionem
809 2050 1119 2128 improprie
1148 2050 1266 2109 dici
1297 2051 1442 2109 nihil
1471 2051 1666 2113 obstat
1709 2052 2148 2129 castigationem
2180 2051 2310 2128 Dei,
2340 2052 2480 2130 quia
2497 2055 2582 2112 ob
2609 2063 2912 2133 peccatum

502 2130 787 2209 infligitur
814 2140 873 2190 et
900 2131 977 2190 ad
1004 2131 1351 2209 exemplum,
1382 2132 1673 2210 quomodo
1702 2141 1761 2192 et
1807 2152 1980 2211 poena
2023 2152 2142 2191 non
2188 2151 2318 2192 raro
2363 2142 2621 2211 vocatur,
2667 2135 2917 2195 Accedit

502 2212 661 2289 quod
687 2232 825 2289 vox,
860 2212 1013 2271 Heb.
1044 2234 1191 2273 nazar·
1220 2232 1338 2271 non
1364 2214 1643 2287 ultionem,
1676 2213 1780 2273 sed
1823 2213 2016 2291 potius
2046 2214 2392 2287 fractionem
2421 2224 2482 2275 et
2507 2214 2914 2275 lacerationem

500 2292 791 2369 significat
819 2312 854 2350 a
880 2292 1073 2350 radice
1104 2314 1205 2351 Nu
1234 2291 1391 2368 quod
1436 2294 1497 2349 in
1546 2292 1728 2369 Hiph.
1760 2302 1849 2352 est
1895 2313 2161 2369 rumpere
2201 2302 2262 2353 et
2289 2295 2512 2353 irm'tum
2524 2300 2729 2369 facere
2749 2320 2774 2369 ;
2814 2296 2913 2355 Ita

500 2372 715 2448 poterit
741 2370 939 2428 referri
967 2370 1043 2427 ad
1070 2371 1503 2445 abrogationem
1548 2372 1997 2447 promissionum
2025 2390 2130 2448 per
2157 2374 2587 2432 concessionem
2615 2376 2910 2452 ironicam,

501 2470 617 2526 qua
648 2450 808 2506 Deus
829 2449 891 2504 in
920 2447 1321 2505 detestabilem
1362 2467 1559 2505 eorum
1606 2449 1935 2523 superbiam
1975 2450 2290 2523 invehitur,
2321 2452 2422 2527 qui
2449 2462 2686 2529 propter
2710 2456 2909 2514 exclu-

500 2530 719 2587 sionem
740 2546 773 2584 a
792 2533 945 2585 terra
961 2526 1243 2603 promissa
1258 2524 1608 2585 videbantur
1630 2526 1818 2585 Deum
1838 2527 2240 2586 inconstantiae
2261 2538 2317 2586 et
2335 2530 2624 2589 mendacii
2643 2552 2906 2611 arguere,

497 2628 566 2666 ac
596 2608 645 2666 si
672 2626 789 2664 non
818 2613 995 2664 staret
1022 2604 1356 2683 promissis3
1402 2606 1569 2683 quasi
1590 2604 1824 2681 diceret,
1847 2606 2226 2682 cognoscetis
2249 2626 2322 2665 an
2351 2627 2462 2685 ego
2491 2610 2598 2667 sim
2627 2612 2902 2687 mendax,

498 2696 559 2748 et
586 2708 660 2746 an
688 2686 877 2745 inanis
906 2686 983 2745 sit
1008 2682 1235 2745 futurus
1262 2704 1427 2744 meus
1462 2704 1649 2745 sermo
1672 2708 1688 2763 3
1734 2686 1863 2745 Imo
1905 2685 2076 2745 facile
2119 2686 2450 2765 percipietis
2478 2686 2747 2749 effectum
2773 2709 2904 2768 pro-

498 2768 838 2827 missionum
884 2785 1157 2842 mearum,
1187 2766 1325 2825 licet
1372 2767 1481 2827 toti
1522 2767 1740 2845 populo
1783 2765 2286 2825 indiscriminatim
2329 2778 2738 2845 proponantur,
2787 2790 2908 2831 non

498 2850 785 2928 pertinere
813 2856 1006 2908 tamen
1036 2847 1111 2907 ad
1138 2846 1385 2906 rebelles
1407 2857 1467 2909 et
1484 2848 1830 2923 incredulos,
1855 2846 1958 2907 sed
1979 2854 2202 2909 tantum
2232 2847 2292 2905 in
2319 2848 2432 2926 piis
2459 2850 2650 2910 locum
2671 2850 2904 2929 habere,

500 2951 745 3009 quorum
771 2938 1036 3007 respectu
1064 2936 1299 2987 manent
1328 2948 1553 3007 semper
1577 2928 1939 2988 firmissimae.
2007 2928 2104 2987 Sic
2127 2927 2530 3006 objurgabitur
2557 2930 2790 3007 quidem
2818 2932 2905 2991 in-

500 3012 815 3071 credulitas
846 3010 1274 3087 Israelitarum3
1320 3009 1423 3068 sed
1468 3009 1545 3068 ad
1586 3009 1868 3069 ultionem
1917 3016 1976 3067 et
2017 3007 2336 3068 vindictam
2363 3009 2526 3070 locus
2553 3030 2669 3071 non
2696 3012 2909 3089 poterit

498 3091 713 3152 referri.

581 3170 867 3228 XXVII.
914 3168 1195 3242 Quartum
1222 3189 1259 3227 a
1286 3168 1559 3228 Bellarm.
1588 3170 1830 3229 allatum
1877 3169 2208 3246 exemplum
2235 3178 2324 3228 est
2351 3168 2538 3228 Mosis
2566 3178 2624 3229 et
2653 3169 2907 3231 Aaronis

499 3250 599 3327 qui
626 3256 861 3326 propter
888 3247 1347 3307 incredulitatem
1378 3268 1537 3307 suam
1570 3248 1729 3325 quod
1759 3250 1948 3308 Deum
1977 3247 2052 3307 ad
2078 3256 2300 3326 petram
2342 3268 2458 3308 non
2487 3248 2908 3326 glorificassent

494 3328 707 3388 mortui
736 3334 870 3386 sunt
898 3326 959 3384 in
987 3326 1213 3386 deserto
1240 3336 1307 3387 ut
1346 3329 1605 3404 refertur,
1639 3329 1812 3387 Num.
1865 3348 1968 3387 xx.
2019 3332 2116 3404 24,
2147 3336 2208 3387 et
2236 3329 2409 3388 Deut.
2459 3329 2648 3389 xxxii.
2679 3332 2773 3406 50,
2805 3330 2902 3391 51.

496 3412 535 3443 “
557 3406 600 3466 J
604 3427 696 3465 am
723 3406 953 3481 nem0‚'’
984 3406 1188 3483 inquit,
1225 3408 1367 3465 “est
1393 3408 1492 3484 qui
1540 3418 1718 3485 neget
1747 3408 1972 3466 Mosem
2018 3415 2077 3467 et
2105 3407 2398 3467 Aaronem
2447 3417 2578 3485 post
2604 3420 2903 3488 peccatum

494 3488 643 3547 illud
670 3482 732 3545 in
762 3486 1007 3565 gratiam
1038 3486 1151 3544 Dei
1196 3485 1453 3561 rediisse,
1487 3488 1701 3545 mansit
1729 3507 1870 3565 ergo
1916 3507 2089 3565 poena
2115 3488 2330 3546 luenda
2375 3497 2508 3565 post
2555 3489 2783 3567 culpam
2811 3510 2902 3550 re-

494 3568 790 3627 missam.''
840 3567 958 3627 Sed
984 3586 1061 3625 ex
1090 3566 1395 3625 antedictis
1438 3566 1607 3625 facile
1635 3568 1746 3626 h'oc
1795 3566 2073 3644 quicquid
2118 3574 2209 3627 est
2235 3567 2591 3628 difficultatis
2639 3570 2902 3631 solvitur.

496 3648 632 3708 Non
658 3668 940 3726 negamus
969 3646 1123 3706 enim
1151 3646 1535 3705 calamitatem
1562 3646 1715 3707 hanc
1742 3648 1906 3707 velut
1947 3654 2246 3725 paternam
2275 3647 2714 3725 castigationem
2741 3670 2906 3710 man·

496 3732 641 3789 sisse
668 3738 801 3807 post
830 3728 1061 3805 culpam
1088 3725 1387 3785 remissam
1410 3748 1425 3803 3
1455 3735 1579 3786 tum
1607 3736 1676 3787 ut
1701 3728 1814 3807 ipsi
1841 3726 2064 3806 peccati
2090 3727 2182 3786 sui
2209 3726 2554 3804 gravitatem
2582 3749 2902 3806 agnoscen-

494 3818 585 3870 tes
612 3809 907 3870 humiliter
934 3826 1127 3867 coram
1159 3807 1285 3865 Deo
1328 3806 1788 3884 procumberent,
1817 3816 1878 3867 et
1925 3826 2052 3866 sese
2099 3807 2175 3866 ad
2221 3814 2462 3867 mortem
2506 3808 2900 3870 imminentem

495 3892 896 3968 accingerent3
927 3897 1050 3949 tum
1078 3895 1145 3946 ut
1166 3887 1300 3964 aliis
1328 3887 1595 3965 exemplo
1625 3896 1835 3965 essent,
1867 3888 2121 3947 dubitari
2157 3887 2308 3946 enim
2357 3906 2475 3946 non
2521 3898 2729 3966 potest,
2761 3890 2902 3968 quin

493 3972 805 4031 acerrimus
834 3970 909 4028 ad
934 3989 1035 4028 eos
1064 3987 1263 4026 omnes
1290 3967 1634 4045 pungendus
1675 3968 1944 4028 stimulus
1974 3966 2149 4028 fuerit
2193 3974 2356 4026 tanta
2384 3968 2496 4027 Dei
2539 3970 2818 4029 severitas
2837 3968 2900 4029 in

497 4054 557 4113 S.
592 4050 959 4113 Sacerdotem
988 4056 1049 4107 et
1072 4047 1273 4126 populi
1290 4048 1598 4107 Rectorem
1618 4049 1721 4126 qui
1745 4049 1906 4126 prius
1923 4066 2030 4107 sua
2045 4046 2454 4107 intercessione
2475 4048 2687 4126 saepius
2711 4050 2899 4109 Deum

490 4134 895 4210 placaverant3
938 4136 1005 4187 ut
1032 4129 1115 4188 sic
1146 4129 1273 4188 Deo
1302 4128 1500 4187 vivere
1527 4126 1818 4189 discerent
1859 4127 2214 4206 superstites,
2245 4147 2378 4187 cum
2425 4128 2732 4206 nequidem
2761 4129 2897 4189 cha·

492 4213 735 4271 rissimis
763 4209 1050 4288 capitibus
1078 4228 1311 4289 parcere
1349 4208 1647 4270 voluisset.
1731 4207 1906 4268 Adde
1949 4207 2108 4285 quod
2148 4207 2212 4265 in
2256 4215 2440 4268 morte
2469 4208 2656 4268 Mosis
2681 4218 2897 4287 myste-

492 4292 643 4349 rium
670 4291 908 4369 aliquod
954 4290 1133 4349 latere
1182 4288 1370 4349 voluit
1397 4286 1700 4366 Dominus,
1730 4296 1798 4349 ut
1842 4288 2064 4347 scilicet
2109 4287 2444 4348 innueretur
2482 4308 2601 4347 non
2629 4288 2808 4367 Legis
2833 4289 2898 4348 vi

494 4370 663 4445 cujus
692 4372 891 4430 Moses
918 4371 1181 4430 minister
1206 4370 1331 4445 fuit,
1360 4376 1557 4446 patere
1584 4370 1912 4448 ingressum
1939 4388 2080 4428 vero
2109 4368 2314 4427 Israeli
2341 4368 2404 4426 in
2433 4368 2666 4427 Canaan
2694 4370 2896 4429 cocles-

492 4456 629 4524 tem,
662 4450 764 4507 sed
791 4470 895 4527 per
923 4450 1229 4529 Evangelii
1260 4450 1521 4528 gratiam,
1556 4450 1772 4511 Christi
1801 4447 2039 4509 Domini
2079 4448 2264 4508 nostri
2309 4448 2583 4527 auspiciis
2609 4457 2670 4509 et
2697 4449 2892 4526 ductu,

494 4528 662 4605 cujus
690 4528 733 4587 J
737 4548 879 4587 osua
906 4548 1023 4588 non
1048 4551 1257 4591 nomen
1287 4530 1477 4608 modo,
1508 4530 1613 4592 sed
1651 4538 1710 4592 et
1735 4538 1942 4611 typum
1984 4528 2221 4606 ferebat,
2251 4537 2319 4589 ut
2345 4527 2576 4608 Apost.,
2607 4528 2762 4591 Heb.
2791 4528 2892 4603 iv„

494 4609 634 4669 satis
662 4607 814 4667 clare
842 4608 952 4666 hoc
982 4610 1183 4669 innuit.
