3234 5192
288 353 521 397 msrur.
552 336 713 417 xm]
953 358 1031 397 ns
1061 356 1263 397 sarxsr
1276 355 1543 397 Acrtoms
1572 356 1811 397 camsi-1
1841 352 2162 397 vsnm‘m.
2588 344 2706 401 453

288 497 483 575 quoad
511 501 737 557 modum
764 498 866 575 rei,
892 499 1029 576 quia
1056 499 1333 576 subjectae
1360 498 1615 557 materiae
1638 497 1699 556 id
1720 516 1837 556 non
1857 498 2075 574 patitur
2102 498 2283 575 ratio;
2313 498 2430 558 imo
2453 506 2518 559 ut
2543 510 2698 560 recte

287 578 589 655 Chrysost.
622 578 841 637 Homil.
875 582 969 653 61,
1002 580 1062 637 in
1092 580 1325 654 Genea„
1354 582 1635 655 “oportet
1662 578 1906 656 figuram
1938 578 2129 635 minus
2157 579 2368 639 habere
2397 600 2570 657 quam
2598 602 2694 639 ve·

284 658 530 731 ritatem,
556 658 693 734 quia
718 660 935 736 alioqui
965 678 1079 717 non
1100 659 1305 718 fuisset
1328 658 1559 735 signum
1578 657 1960 718 futurorum.”
1996 658 2126 717 Sint
2143 678 2282 735 ergo
2304 659 2365 716 in
2387 679 2455 718 eo
2478 661 2696 719 similes

284 738 442 815 quod
480 737 629 796 sicut
668 740 829 798 Deus
866 740 1143 816 populum
1172 759 1339 798 suum
1370 758 1441 797 ex
1474 738 1764 796 dirissima
1799 738 2070 797 liberavit
2099 740 2378 798 servitute
2406 748 2465 799 et
2505 760 2540 798 a
2567 760 2694 799 cru-

288 816 597 876 delissimis
625 820 907 895 hostibuS,
938 819 1111 877 modo
1138 820 1310 897 plane
1337 818 1796 877 extraordinario
1823 818 2130 876 debellatis
2153 818 2224 877 iis
2243 838 2484 895 quorum
2512 820 2691 899 impe-

284 898 371 956 rio
401 898 870 974 subjiciebantur,
900 899 985 959 ita
1010 900 1105 957 hic
1136 899 1457 957 Ecclesiam
1500 918 1662 956 suam
1697 898 1905 957 liberat
1942 917 1977 955 a
2015 898 2335 957 saevissima
2373 898 2605 958 Diaboli
2636 909 2694 960 et

287 978 510 1055 peccati
538 979 835 1055 servitute,
865 980 1038 1037 modo
1067 979 1237 1055 plane
1266 978 1723 1037 extraordinario
1751 987 1810 1037 et
1846 977 2096 1035 mirabili
2125 978 2270 1037 fusis
2298 999 2366 1038 ac
2391 981 2693 1055 prostratis

286 1058 551 1117 hostibus
586 1059 836 1133 nostris;
888 1058 993 1117 sed
1030 1058 1339 1117 discrimen
1376 1066 1465 1117 est
1492 1057 1834 1135 multiplex:
1865 1056 1946 1114 ibi
1984 1057 2248 1117 liberatio
2277 1078 2567 1136 corporea,
2597 1060 2692 1119 hic

286 1137 620 1213 spiritualia,
652 1138 735 1197 ibi
762 1139 1029 1197 liberatio
1074 1138 1341 1215 simplex,
1380 1138 1477 1195 hic
1504 1137 1640 1196 talis
1681 1158 1810 1215 quae
1837 1137 1904 1195 fit
1947 1137 2338 1198 intercedente
2377 1138 2558 1219 λῖπςᾳ,
2610 1140 2696 1198 ibi

286 1216 552 1275 liberatio
579 1238 681 1293 per
711 1219 824 1277 Dei
852 1219 1165 1294 potentiam
1195 1238 1232 1276 a
1258 1218 1524 1276 manibus
1550 1218 1867 1291 hominum,
1914 1216 2010 1274 hic
2038 1215 2355 1295 redemptio
2393 1240 2497 1297 per
2513 1221 2542 1293 j
2551 1221 2688 1278 usti-

286 1297 429 1355 tiam
457 1297 531 1354 ab
558 1298 644 1355 ira
695 1298 822 1371 Dei,
871 1298 953 1356 ibi
982 1298 1167 1356 Mosis
1196 1299 1349 1356 servi
1394 1317 1569 1373 opera
1594 1306 1655 1356 et
1689 1296 2008 1355 ministerio
2037 1297 2122 1355 uti
2149 1298 2336 1357 voluit
2385 1299 2564 1375 DeuS,
2595 1300 2690 1358 hic

292 1376 507 1435 Christi
544 1377 725 1453 ipsius
756 1378 991 1435 Domini
1020 1386 1078 1436 et
1100 1377 1337 1457 α’ςχινγοῢ
1364 1378 1614 1457 cunelae.

372 1456 656 1515 XXXV.
690 1456 842 1531 Quid
871 1457 1027 1535 quod
1054 1458 1105 1515 si
1133 1468 1395 1517 accurate
1424 1458 1585 1535 loqui
1612 1458 1882 1516 volumus
1909 1476 2095 1535 neque
2123 1457 2442 1536 redemptio
2469 1458 2572 1517 illa
2600 1459 2689 1517 Is·

283 1536 543 1595 raiilitiea
568 1536 722 1595 facta
748 1546 837 1596 est
864 1538 1021 1597 omni
1047 1538 1221 1597 modo
1243 1538 1461 1615 absque
1482 1538 1601 1597 ullo
1623 1546 1887 1614 respectu
1916 1537 1988 1596 ad
2016 1536 2190 1619 λὺτςοι
2213 1560 2226 1614 ;
2259 1558 2392 1596 nam
2414 1558 2544 1597 cum
2567 1558 2687 1597 cer-

286 1626 409 1674 tum
440 1616 517 1675 s'it
544 1616 823 1693 speciales
850 1636 1051 1677 omnes
1076 1618 1485 1695 promissiones
1512 1627 1571 1677 et
1606 1618 1976 1677 liberationes
2002 1617 2186 1677 veteri
2212 1619 2426 1695 populo
2455 1638 2687 1677 conces-

285 1716 395 1771 sas,
439 1696 719 1756 subnixas
746 1696 925 1757 fuisse
962 1698 1218 1775 generali
1256 1698 1636 1776 promissione
1665 1699 1896 1757 venturi
1925 1699 2175 1773 Messias,
2208 1698 2492 1776 siquidem
2521 1718 2687 1777 opem

285 1776 682 1853 auxiliumque
710 1798 747 1837 a
777 1778 900 1837 Deo
930 1786 1234 1855 expectare
1262 1778 1706 1856 haudquaquam
1736 1786 1960 1854 poterat
1987 1778 2099 1836 nisi
2128 1780 2377 1855 propitio
2405 1786 2464 1837 et
2491 1798 2689 1837 recon-

283 1857 497 1932 ciliate,
518 1858 799 1934 propitius
820 1866 1011 1916 autem
1034 1878 1161 1917 esse
1188 1859 1389 1936 nequit
1410 1858 1523 1917 nisi
1550 1878 1652 1935 per
1675 1858 1993 1933 Christum;
2025 1858 2178 1916 unde
2210 1858 2427 1917 Paulus
2449 1860 2688 1935 promis-

284 1937 475 1995 siones
488 1956 686 1995 omnes
709 1938 820 1997 Dei
839 1939 1045 1996 asserit
1066 1939 1123 1995 in
1138 1939 1366 1997 Christo
1384 1958 1511 1997 esse
1532 1938 1722 1996 Etiam
1737 1945 1795 1995 et
1815 1938 2024 2011 Amen,
2051 1942 2086 1995 2
2110 1938 2238 1997 Cor.
2259 1939 2296 1996 i.
2321 1941 2427 1998 20:
2449 1939 2686 1999 dubium

285 2016 459 2081 etiam
503 2018 719 2075 nemini
756 2037 883 2076 esse
920 2017 1095 2075 debet
1129 2019 1269 2094 quin
1308 2017 1619 2093 singularis
1655 2017 1780 2073 haec
1811 2026 1870 2075 et
1906 2017 2120 2074 eximia
2159 2018 2424 2076 liberatio
2458 2020 2690 2077 nonnisi

284 2106 519 2173 propter
540 2096 833 2155 Christum
860 2096 1085 2155 indulta
1110 2096 1283 2155 fuerit
1310 2097 1600 2172 patribus;
1634 2094 1790 2172 quod
1817 2105 1876 2153 ct
1896 2096 2058 2172 Agni
2087 2096 2384 2154 Paschalis
2407 2099 2688 2174 sanguine

284 2196 401 2233 non
430 2175 669 2234 obscure
698 2176 807 2233 fuit
843 2175 1262 2234 adumbratum.
1331 2174 1448 2233 Sed
1490 2194 1678 2252 neque
1713 2173 1824 2233 hoc
1862 2174 2091 2233 silentio
2118 2175 2479 2251 praetermitti
2517 2177 2690 2237 debet

288 2255 403 2313 duo
426 2254 603 2313 fuisse
632 2254 693 2311 in
714 2274 783 2313 ea
809 2253 1203 2331 redemptione
1232 2255 1513 2332 imprimis
1540 2254 1962 2313 memorabilia:
1985 2254 2136 2329 inde,
2161 2254 2557 2314 liberationem
2578 2256 2688 2315 ἐπὶ

288 2342 377 2393 nv
403 2339 681 2415 ὄλοθςιυπῧ
716 2335 1129 2413 primogenitos
1158 2355 1357 2395 omnes
1385 2334 1802 2413 AEgyptiorum
1839 2334 2155 2394 occidentis
2194 2355 2229 2393 a
2256 2356 2371 2413 quo
2407 2337 2688 2414 sanguine

285 2416 447 2493 Agni
470 2415 1001 2493 superliminaribus
1030 2415 1238 2475 aedium
1263 2416 1409 2475 illito
1432 2416 1688 2493 exempti
1707 2422 1840 2475 sunt
1859 2438 1874 2491 3
1904 2416 2040 2475 hinc
2061 2436 2217 2491 vero,
2238 2416 2687 2477 vindicationem

286 2516 323 2555 a
354 2496 673 2555 saevissima
702 2497 1019 2555 Pharaonis
1042 2517 1217 2556 manu
1244 2506 1303 2556 et
1315 2498 1462 2575 jugo
1485 2496 1668 2555 ferreo
1691 2516 1807 2574 quo
1823 2497 2232 2574 premebantur
2258 2506 2316 2555 et
2345 2517 2378 2555 a
2407 2516 2521 2575 quo
2542 2498 2689 2557 libe-

286 2578 398 2635 rati
428 2585 560 2635 sunt
588 2596 715 2654 πρυ-ι
744 2600 849 2637 πη.
903 2577 1035 2637 Hoc
1063 2597 1201 2636 vero
1218 2588 1524 2654 utrumque
1552 2578 1648 2635 hic
1677 2574 2138 2654 deprehenditur,
2170 2586 2228 2635 et
2255 2578 2430 2653 longe
2477 2578 2689 2635 clarius

289 2657 757 2734 conspiciendum
789 2678 850 2717 se
878 2658 1129 2736 praebct3
1162 2659 1425 2716 Christus
1446 2657 1597 2714 enim
1629 2676 1802 2714 verus
1831 2657 2042 2733 Agnus
2075 2658 2184 2714 Dei
2212 2665 2370 2715 tutos
2409 2676 2517 2715 nos
2545 2677 2687 2733 prae-

288 2744 403 2795 stat
445 2737 725 2814 sanguine
756 2758 861 2795 suo
890 2737 1161 2797 cordibus
1188 2738 1400 2796 nostris
1428 2736 1543 2795 fide
1572 2755 1807 2812 asperso
1836 2735 1909 2792 ab
1940 2735 2324 2810 Abbaddone,
2356 2736 2440 2793 ira
2469 2736 2692 2796 scilicet

290 2816 405 2875 Dei
431 2824 489 2875 et
524 2826 709 2875 morte
730 2836 859 2893 quae
888 2836 993 2893 per
1032 2816 1361 2873 universam
1391 2816 1591 2872 mundi
1620 2816 1950 2889 AEgyptum
1993 2814 2168 2889 longe
2205 2814 2435 2891 lateque
2465 2834 2691 2890 grassa-

286 2904 397 2969 tur,
428 2904 487 2953 et
513 2896 728 2953 virtute
757 2894 1156 2971 potentissima
1183 2895 1354 2971 eripit
1400 2914 1508 2951 nos
1556 2914 1587 2952 e
1625 2892 1892 2951 manibus
1939 2892 2235 2950 infernalis
2265 2894 2600 2968 Pharaonis,
2633 2904 2692 2953 et

284 2974 573 3032 dirissima
600 2994 716 3049 qua
742 2974 1205 3050 opprimebamur
1234 2973 1531 3031 servitute.
1578 2972 1722 3030 Cum
1759 2990 1898 3046 ergo
1926 2990 2112 3047 neque
2161 2971 2256 3029 hic
2290 2970 2442 3031 desit
2467 2972 2689 3050 aliqua-

284 3054 359 3111 lis
388 3053 713 3112 collationis
760 3053 925 3127 ratic,
957 3061 1115 3130 patet
1160 3052 1494 3111 haereticum
1532 3070 1830 3129 perperam
1859 3050 1933 3108 ab
1961 3050 2062 3109 illa
2089 3050 2164 3109 ad
2205 3051 2356 3109 hanc
2383 3070 2690 3129 argumen-

285 3142 409 3191 tum
439 3131 677 3191 duxisse
706 3132 781 3190 ad
809 3132 1111 3190 veritatem
1142 3130 1549 3190 satisfactionis
1576 3129 1921 3207 negandam.

385 3212 708 3271 XXXVI.
790 3211 907 3270 Sed
960 3231 1077 3270 non
1133 3211 1375 3270 solidius
1429 3208 1576 3269 illud
1632 3210 1848 3269 evincit
1902 3210 2058 3288 quod
2113 3214 2178 3269 2⁰
2217 3211 2346 3270 loeo
2389 3211 2550 3272 addit
2618 3213 2690 3272 de

286 3293 453 3353 Mose
508 3293 609 3371 qui
657 3296 903 3373 λυτςυτὺς
952 3291 1165 3351 dicitur
1207 3292 1430 3351 etiamsi
1478 3310 1773 3369 nunquam
1822 3290 2180 3351 satisfecerit.
2240 3292 2388 3351 Nam
2439 3293 2548 3353 etsi
2575 3312 2693 3353 non

283 3394 565 3451 negamus
613 3375 721 3433 sub
766 3376 875 3431 hac
922 3374 1087 3449 σχίσει
1136 3372 1364 3431 Mosem
1412 3380 1611 3449 typum
1645 3372 1894 3450 gessisse
1925 3371 2155 3447 Christi,
2197 3393 2312 3431 non
2361 3383 2451 3433 est
2497 3382 2690 3433 tamen

284 3464 445 3530 typzae
473 3458 632 3518 ὅλικὶς
660 3464 720 3513 et
746 3457 1091 3529 adaequatae,
1126 3454 1228 3511 sed
1252 3458 1445 3534 μιςικὶς
1472 3461 1697 3513 tantum
1715 3462 1774 3511 et
1800 3453 2206 3530 inadoequatus,
2237 3453 2391 3513 unde
2437 3452 2687 3512 multifa-

286 3536 431 3593 riam
454 3534 743 3593 differunt.
777 3533 885 3591 ssle
914 3534 1087 3591 homo
1114 3542 1337 3592 tantum
1366 3533 1475 3593 fuit
1504 3542 1561 3592 et
1589 3553 1808 3609 serVuS,
1845 3533 1996 3592 Heb.
2027 3532 2126 3608 iii,
2159 3532 2253 3591 hic
2281 3553 2419 3592 vero
2451 3534 2611 3592 Deus
2633 3542 2692 3592 ct

289 3614 593 3687 Dominus,
647 3613 755 3671 Ille
798 3613 1125 3690 redemptor
1176 3615 1407 3691 typicus
1454 3624 1513 3693 et
1549 3614 1882 3691 temporalis
1923 3613 2094 3671 unius
2113 3612 2329 3689 populi,
2360 3613 2454 3671 hic
2495 3620 2689 3670 autem

288 3712 462 3751 verus
510 3702 569 3752 et
618 3701 865 3753 aeternus
909 3694 1163 3752 omnium
1214 3695 1491 3770 gentium,
1538 3694 1650 3751 Ille
1701 3693 1990 3752 Mediator
2031 3693 2356 3774 μουᾶπλιυςος
2406 3712 2478 3750 ex
2515 3702 2690 3766 parte

286 3774 405 3830 Dei
428 3772 501 3831 ad
530 3792 653 3846 noe,
686 3773 865 3831 verba
894 3774 1004 3832 Dei
1032 3775 1246 3851 populo
1274 3773 1694 3848 annunciando,
1728 3774 1900 3832 Deut.
1925 3794 1981 3830 v.
2024 3776 2077 3847 5,
2121 3773 2240 3831 Istc
2272 3792 2408 3830 vero
2435 3770 2690 3850 δι’πλιυςος

287 3852 459 3911 etiam
490 3872 525 3909 a
542 3862 717 3928 parte
744 3856 923 3911 nostri
948 3853 1097 3931 apud
1134 3854 1338 3927 Deum,
1369 3854 1531 3912 illum
1562 3854 1908 3929 placaturus,
1941 3862 1998 3911 et
2025 3871 2132 3910 nos
2151 3852 2260 3929 ipsi
2289 3852 2686 3910 reconciliatu-

287 3951 387 3990 rus
406 3951 509 3990 suo
534 3932 813 4008 sanguine
838 3956 852 4005 ;
886 3933 995 3991 Ille
1016 3953 1052 3991 a
1071 3934 1369 3992 Pharaone
1395 3932 1657 4008 redemit,
1681 3934 1800 3991 Iste
1817 3930 1856 3990 a
1877 3932 2144 4007 Diabolo,
2166 3932 2276 3990 Ille
2294 3932 2368 3989 ab
2401 3932 2687 4007 AEgypt0‚

291 4012 411 4069 Iste
441 4032 476 4069 a
490 4012 729 4087 judicio,
764 4012 873 4071 Ille
896 4014 1113 4090 absque
1135 4024 1317 4072 morte
1340 4021 1399 4071 et
1416 4014 1698 4089 sanguine
1716 4012 1962 4090 propri0,
1983 4030 2264 4087 nusquam
2296 4011 2449 4068 enim
2480 4010 2692 4069 dicitur

285 4090 443 4169 quod
468 4102 653 4149 morte
676 4100 735 4150 et
763 4094 1042 4169 sanguine
1080 4094 1327 4169 proprio,
1374 4100 1649 4169 tanquam
1678 4093 1861 4169 pretio
1905 4092 2181 4168 populum
2217 4090 2538 4163 redemerit,
2571 4090 2688 4147 imo

287 4180 549 4231 mortuus
570 4172 729 4247 latet,
760 4172 866 4230 sed
892 4172 1015 4230 vita
1041 4180 1265 4231 tantum
1294 4180 1353 4231 et
1379 4172 1653 4247 potentia,
1677 4180 1739 4231 at
1759 4172 2022 4230 Christus
2043 4170 2291 4227 animam
2312 4190 2476 4228 suam
2495 4171 2691 4247 posuit

284 4271 391 4330 pro
426 4259 682 4329 peccate,
713 4261 772 4310 et
818 4253 1050 4329 proprio
1092 4252 1373 4327 sanguine
1402 4260 1674 4310 aeternam
1700 4250 2152 4327 redemptionem
2180 4249 2348 4307 nobis
2377 4258 2464 4308 est
2492 4269 2690 4308 conse-

287 4341 489 4408 cutus;
522 4332 645 4390 Nec
673 4331 883 4390 mirum
927 4331 1113 4389 videri
1162 4332 1351 4406 debet,
1380 4350 1515 4388 nam
1560 4330 1760 4389 Moses
1797 4339 1856 4389 et
1883 4329 1984 4387 alii
2008 4329 2346 4387 liberatores
2374 4330 2498 4407 t‘ypi
2527 4338 2692 4389 erant

287 4412 543 4473 muneris
589 4412 737 4489 regii
785 4431 899 4470 non
944 4410 1257 4471 fimetionis
1306 4409 1695 4484 sacerdotalia,
1738 4409 2089 4488 praestabant
2115 4408 2275 4487 quod
2298 4417 2564 4486 poterant
2591 4409 2691 4468 ad-

285 4511 491 4553 versus
516 4492 715 4552 hostes
742 4492 1001 4571 potentia
1028 4500 1087 4550 et
1104 4492 1339 4566 virtute,
1370 4490 1473 4550 sed
1493 4510 1609 4549 non
1632 4491 1788 4567 quod
1815 4489 2212 4567 requirebatur
2237 4510 2312 4549 ex
2340 4498 2500 4567 parte
2521 4491 2696 4567 justi·-

285 4573 383 4631 tiae
411 4573 489 4631 ad
528 4574 655 4650 ejus
704 4573 1106 4650 placationem,
1142 4572 1349 4649 Itaque
1378 4590 1510 4631 eum
1544 4570 1872 4631 referebant
1898 4590 2016 4628 non
2044 4590 2160 4648 qua
2192 4569 2562 4630 Sacerdotem
2593 4572 2696 4647 qui

284 4652 629 4717 sacrificium
659 4652 827 4713 offert
854 4652 928 4712 ad
970 4652 1401 4731 propitiandum
1445 4671 1679 4728 numen,
1713 4652 1816 4711 sed
1842 4670 1959 4729 qua
1979 4670 2176 4729 regem
2204 4652 2303 4728 qui
2334 4651 2404 4710 de
2433 4651 2700 4711 hostibus

2335 4796 2367 4811 ¹..-
