3234 5192
588 301 705 357 672
1112 310 1192 353 ns
1220 310 1705 353 sA'rtsPAc'rioms
1733 292 1972 353 cums-1⁸1
1999 312 2426 355 rannac-rmus.
2551 290 2840 375 [msrtrr.
2879 315 3064 358 xxn.

674 452 753 512 X.
798 451 996 511 Tertio
1036 454 1272 512 nullam
1310 454 1441 511 fieri
1480 453 1566 529 inj
1576 453 1768 512 uriam
1807 454 2045 514 Christo
2085 454 2341 529 ejusque
2381 452 2802 513 satisfactioni
2839 474 2934 514 ex
2973 476 3052 515 eo

592 533 977 609 pertendunt,
1022 535 1185 609 quod
1216 532 1556 593 satisfactio
1588 532 1818 591 Christi·
1847 541 1909 591 et
1949 533 2261 591 hominum
2303 550 2424 591 non
2461 533 2582 591 sint
2607 550 2822 592 causae
2853 537 3048 593 socia»

592 618 653 669 et
692 612 958 686 ejusdem
1000 611 1242 683 ordinis,
1288 630 1422 687 quae
1466 612 1750 670 causandi
1779 612 1902 669 vim
1929 612 2086 669 inter
2113 628 2240 669 sese
2267 611 2626 686 partiantur,
2671 614 2788 669 sed
2817 616 3044 671 subal-

591 697 776 747 ternae
806 698 867 747 et
893 690 1315 761 subordinatae,
1346 708 1418 747 ea
1443 690 1676 748 ratione
1703 696 1775 747 ιιι
1800 691 2070 748 humana
2093 688 2418 747 satisfactio
2449 696 2746 765 tanquam
2767 691 3042 751 inferior

592 788 631 827 a
660 768 881 827 Christi
921 768 1321 827 satisfactione
1364 770 1640 843 pendeat,
1684 776 1746 826 et
1780 768 1920 826 inde
1957 768 2080 825 vim
2117 786 2288 826 suam
2323 774 2384 825 et
2418 770 2744 826 efficaciam
2771 788 3036 827 omnem

586 854 940 917 mutuetur;
988 847 1085 906 Sic
1110 846 1267 904 nihil
1300 848 1584 905 decedere
1619 847 2003 905 satisfactioni
2033 844 2271 917 Christi,
2318 848 2421 903 sed
2464 847 2668 921 potius
2709 849 3030 922 majorem

592 926 840 984 laudem
880 927 1195 996 accedere;
1238 924 1538 1000 Majorem
1566 942 1691 983 esse
1721 924 1940 985 Christi
1980 925 2254 1000 gloriam,
2295 924 2346 982 si
2385 926 2626 983 dicatur
2652 944 2782 983 non
2811 928 3026 984 solum

592 1024 701 1081 pro
744 1004 997 1080 peccatis
1038 1004 1255 1062 nostris
1296 1003 1665 1075 satisfecisse,
1711 1006 1817 1061 sed
1853 1004 2034 1061 etiam
2067 1004 2130 1060 id
2167 1004 2449 1061 membris
2476 1004 2598 1061 suis
2627 1005 2920 1076 donasse,
2955 1014 3028 1063 ιιι

592 1102 699 1158 per
742 1084 873 1158 ejus
914 1082 1169 1157 gratiam
1202 1088 1263 1140 et
1288 1082 1573 1140 virtutem
1616 1082 1797 1140 etiam
1836 1082 2042 1157 aliqua
2083 1100 2158 1139 ex
2193 1089 2363 1158 parte
2403 1083 2533 1158 ipsa
2571 1082 3024 1155 satisfacerent,

595 1161 1107 1237 quemadmodum
1134 1160 1461 1237 potentiam
1491 1159 1607 1219 Dei
1649 1162 2030 1219 commendat
2071 1166 2132 1217 et
2173 1160 2433 1218 celebrat
2473 1160 2581 1235 qui
2623 1160 2777 1218 dicit
2805 1160 3022 1221 Deum

594 1259 715 1297 non
744 1241 941 1298 solum
967 1259 1074 1316 per
1102 1258 1181 1311 se,
1221 1241 1323 1297 sed
1352 1240 1531 1297 etia-m
1560 1256 1666 1314 per
1693 1256 1890 1297 servos
1918 1256 2056 1297 suos
2085 1239 2378 1297 miracula
2401 1239 2638 1310 facere3
2681 1240 2770 1297 sic
2811 1242 3022 1299 effica-

593 1319 833 1377 citatem
860 1320 1211 1377 meritorum
1242 1318 1461 1377 Christi
1496 1318 1691 1393 magis
1727 1318 1962 1375 elucere
1989 1336 2124 1393 quae
2153 1336 2275 1375 non
2303 1319 2500 1375 solum
2527 1334 2632 1392 per
2657 1336 2722 1375 se
2751 1333 3022 1394 possunt

595 1398 833 1473 expiare
860 1404 1116 1473 peccata,
1147 1404 1207 1455 et
1232 1404 1432 1455 reatus
1468 1403 1866 1471 peccatorum,
1895 1398 2000 1453 sed
2024 1396 2206 1453 etiam
2239 1396 2465 1453 efficere
2491 1404 2564 1452 ιιι
2591 1396 2812 1454 merita
2839 1416 3020 1456 sanc»

593 1483 795 1533 torum
822 1477 945 1533 vim
972 1477 1232 1533 habeant
1273 1476 1552 1549 expiandi
1578 1482 1814 1533 reatum
1839 1494 2030 1551 poenae
2058 1476 2400 1549 temporalis
2422 1495 2438 1543 ;
2481 1476 3014 1549 quemadmodum

594 1552 760 1611 Deus
786 1553 1063 1625 instituit,
1106 1561 1176 1611 ut
1216 1555 1489 1611 secundae
1532 1572 1726 1611 causae
1767 1570 1890 1613 non
1931 1553 2050 1611 sint
2089 1553 2312 1627 otiosae,
2352 1554 2456 1611 sed
2481 1570 2619 1610 cum
2645 1553 2782 1628 ipsa
2809 1556 3014 1629 prima

590 1648 774 1689 causa
798 1632 876 1688 ad
905 1650 997 1689 res
1024 1632 1435 1707 producendas
1472 1632 1850 1703 conveniant,
1893 1632 2168 1706 quamvis
2207 1633 2401 1707 prima
2427 1648 2607 1689 causa
2631 1632 2766 1688 sine
2793 1652 3014 1691 secun·

592 1710 685 1765 dis
710 1728 805 1766 res
832 1727 1036 1766 omnes
1066 1726 1235 1784 aeque
1260 1708 1435 1766 facile
1462 1726 1531 1767 ac
1554 1710 1812 1785 perfecte
1839 1710 2065 1767 efficere
2093 1711 2398 1784 potuisset.
2477 1710 2575 1769 Sic
2599 1710 3012 1769 ratiocinatur

594 1786 899 1858 Bellarm„
928 1788 1029 1845 lib.
1060 1788 1120 1844 ii.
1150 1788 1224 1843 de
1250 1786 1496 1861 Indulg.
1527 1806 1574 1844 c.
1600 1788 1657 1845 3.
1711 1787 1850 1854 Quo
1879 1789 2138 1863 pertinet
2164 1788 2344 1847 etiam
2373 1789 2493 1847 alia
2519 1788 2796 1869 ejusdem
2819 1808 3012 1864 gene-

590 1866 672 1922 ris
682 1864 1011 1957 ’Exceptim
1043 1864 1473 1924 Satisfactionis
1502 1864 1724 1924 Christi
1750 1866 2036 1924 virtutem
2075 1872 2136 1923 et
2173 1868 2612 1959 plenitudinem
2645 1884 2774 1925 non
2803 1866 3010 1925 immi-

590 1944 716 2015 nui,
762 1945 907 2019 quia
950 1944 999 2001 si
1044 1962 1165 2001 non
1208 1942 1491 2001 satisfecit
1534 1940 1864 2002 immediate
1905 1962 2013 2019 pro
2051 1945 2216 2002 omni
2241 1964 2434 2021 poena,
2483 1945 2770 2003 satisfecit
2795 1952 3006 2005 tamen

589 2022 841 2081 mediate
867 2023 1011 2099 quia
1035 2023 1195 2081 vires
1237 2021 1410 2080 nobis
1437 2024 1542 2081 dat
1569 2030 1640 2081 ut
1667 2022 2115 2081 satisfaciamus.
2173 2024 2475 2096 Bellarm„
2513 2024 2616 2081 lib.
2647 2024 2726 2081 iv.
2757 2026 2839 2081 de
2869 2024 3008 2083 1³oe-

590 2102 717 2174 nit„
748 2121 873 2178 cap.
902 2102 993 2161 15.
1050 2102 1251 2178 Resp„
1283 2100 1517 2159 Verum
1542 2120 1667 2159 non
1695 2120 1820 2159 una
1845 2101 2073 2159 ratione
2098 2102 2351 2160 fallitur.
2409 2102 2628 2173 Prim0,
2655 2104 2829 2178 quod
2859 2122 3010 2162 cau-

589 2200 685 2239 sas
704 2147 803 2239 'hie
825 2182 1241 2239 subordinatas
1260 2189 1320 2238 et
1340 2180 1714 2239 subalternas
1733 2182 1907 2255 fingit
1933 2180 2038 2236 ubi
2065 2182 2252 2236 nullae
2279 2188 2436 2239 sunt.
2492 2180 2656 2239 Nam
2677 2181 2788 2238 ubi
2815 2200 3008 2239 causa

590 2260 858 2317 solitaria
878 2268 967 2317 est
986 2266 1046 2317 et
1066 2260 1262 2329 unica,
1285 2260 1611 2315 absurdum
1639 2265 1729 2315 est
1755 2257 2306 2316 subordinationem
2335 2276 2600 2333 quaerere
2627 2278 2764 2333 quae
2794 2261 3006 2333 plures

588 2356 798 2395 causas
826 2344 1141 2413 supponat.
1200 2338 1286 2393 Αι
1312 2337 1409 2392 hic
1430 2343 1500 2393 ιιι
1518 2336 1649 2409 jam
1677 2336 1940 2393 diximus
1967 2344 2027 2393 et
2052 2337 2529 2428 insequentibus
2553 2336 2748 2394 fusius
2777 2338 3006 2395 dicturi

586 2430 811 2483 sumus,
846 2414 1151 2488 Scriptura
1176 2420 1429 2471 testatur
1448 2412 1776 2469 clarissime
1803 2413 2151 2471 Christum
2134 2434 2198 2471 ιιι
2223 2418 2564 2490 praestanda
2591 2414 3005 2474 satisfactione

585 2509 695 2567 pro
723 2491 897 2549 nobis
924 2492 1114 2548 solam
1143 2498 1203 2548 et
1229 2490 1467 2547 unicam
1496 2508 1736 2547 causam
1755 2490 1956 2562 fuisse,
1990 2492 2107 2549 Isa.
2137 2493 2285 2551 lxiii.
2317 2493 2370 2565 5,
2403 2494 2540 2552 Act.
2563 2494 2642 2551 iv.
2669 2494 2761 2565 1-2,
2793 2495 2834 2551 2
2857 2495 3002 2553 Cor.

586 2589 643 2627 v.
668 2572 760 2641 14,
782 2570 884 2626 διο.
942 2568 1238 2641 Secundo,
1260 2570 1321 2625 in
1352 2568 1545 2626 causis
1572 2568 1902 2625 moralibus
1926 2571 2274 2628 subalterna
2299 2588 2482 2630 causa
2507 2574 2756 2647 derogat
2781 2572 3000 2647 primae

588 2666 779 2741 quum
806 2647 1138 2705 instituitur
1163 2654 1379 2724 praetcr
1404 2648 1535 2721 ejus
1562 2646 1988 2704 authoritatem
2009 2656 2070 2705 et
2095 2650 2465 2721 mandatum,
2485 2668 2543 2708 v.
2566 2666 2646 2725 g.,
2675 2668 2797 2707 non
2826 2660 3004 2725 pote-

586 2728 665 2785 rit
688 2728 910 2803 absque
929 2726 1137 2801 Regiae
1160 2725 1539 2785 authoritatis
1559 2725 1916 2783 detrimento
1937 2744 2153 2801 prorex
2181 2728 2399 2803 aliquis
2425 2729 2658 2787 institui
2685 2729 2835 2787 eitra
2860 2730 3000 2804 ejus

586 2806 1058 2875 ordinationem3
1103 2804 1193 2864 At
1218 2806 1345 2863 istae
1378 2804 1820 2864 Satisfactiones
1849 2806 2320 2863 subordinantur
2349 2806 2584 2865 Christo
2612 2813 2830 2882 praeter
2856 2809 2996 2883 ejus

586 2888 960 2958 mandatum,
1003 2884 1179 2943 Nihil
1213 2884 1371 2942 enim
1400 2902 1671 2960 unquam
1699 2885 1774 2940 de
1801 2902 1872 2940 eo
1901 2884 2167 2955 tradidit,
2209 2885 2332 2942 imo
2359 2886 2722 2943 contrarium
2747 2888 2994 2961 potius·
2977 2934 2996 2959 ,

584 2984 707 3023 non
736 2984 880 3039 ergo
909 2964 1035 3021 sine
1063 2963 1281 3038 insigni
1310 2963 1441 3036 ejus
1468 2962 1705 3037 injuria.
1777 2962 1996 3032 Tertio,
2025 2980 2218 3020 causae
2247 2964 2368 3021 illae
2395 2982 2520 3021 non
2547 2971 2692 3022 sunt
2717 2965 2997 3023 subordi-

585 3050 743 3102 natae
773 3062 909 3118 quae
939 3042 1203 3100 diversos
1232 3042 1475 3099 effectus
1501 3041 1862 3117 producunt,
1893 3040 2420 3099 subordinatorum
2447 3042 2606 3099 enim
2633 3060 2754 3118 qua
2771 3044 2997 3103 talium

586 3123 741 3177 idem
780 3128 869 3176 est
904 3120 1185 3195 effectus3
1232 3120 1321 3176 At
1352 3119 1572 3178 Christi
1600 3126 1660 3177 et
1683 3118 1998 3176 hominum
2037 3118 2362 3179 satisfactio
2391 3138 2468 3177 ex
2496 3120 2876 3179 Adversariis
2903 3124 2994 3180 ef-

583 3198 775 3255 fectus
801 3196 1068 3254 diversos
1095 3198 1455 3271 producunt,
1498 3198 1604 3254 illa
1631 3198 1876 3271 quidem
1903 3198 2096 3273 culpae
2125 3204 2188 3255 et
2211 3217 2401 3273 poenae
2429 3206 2668 3257 aeternae
2695 3199 2996 3259 remissio-

582 3294 739 3345 nem,
768 3275 883 3330 ista
903 3290 1046 3330 vero
1072 3292 1261 3348 poenae
1292 3276 1634 3349 temporalis
1665 3275 2042 3333 ablationem.
2103 3275 2353 3347 Quart0,
2383 3296 2579 3335 causae
2609 3294 2815 3335 omnes
2843 3280 2990 3337 sub-

584 3354 871 3410 ordinatae
900 3351 1115 3409 totales
1143 3356 1302 3423 sunt,
1330 3358 1527 3408 totum
1556 3352 1776 3409 scilicet
1801 3354 2078 3410 effectum
2105 3372 2215 3411 suo
2245 3356 2453 3413 ordine
2481 3356 2735 3447 singulae
2761 3359 2991 3431 produ-

582 3438 746 3502 cunt,
776 3437 848 3487 ut
875 3428 1040 3487 Deus
1067 3436 1127 3488 et
1153 3430 1333 3487 homo
1360 3436 1650 3504 generant
1675 3431 1998 3501 hominem,
2029 3432 2194 3490 Deus
2232 3439 2304 3491 ut
2339 3450 2519 3491 causa
2543 3436 2738 3509 prima
2763 3440 2825 3491 et
2851 3438 2992 3495 uni-

581 3510 842 3581 versalis,
887 3509 1070 3567 homo
1100 3515 1171 3566 ut
1196 3526 1376 3567 causa
1410 3508 1675 3565 secunda
1711 3509 2124 3584 particularis:
2171 3510 2270 3569 Ita
2310 3512 2738 3570 satisfactiones
2765 3520 2986 3574 nostrae

579 3589 632 3648 si
658 3588 1126 3647 subordinantur
1169 3586 1556 3646 satisfactioni
1586 3586 1823 3657 Christi,
1866 3588 2088 3646 debent
2130 3596 2328 3647 totum
2367 3591 2648 3649 effectum
2688 3590 2986 3666 attingere

580 3668 761 3726 licet·
744 3688 807 3725 ιιι
836 3665 1047 3724 ordine
1074 3666 1357 3738 inferiori,
1395 3673 1466 3724 ut
1486 3673 1546 3724 et
1570 3686 1760 3742 poenae
1791 3673 1850 3725 et
1877 3666 2068 3742 culpae
2097 3668 2502 3727 remissionem
2531 3669 2840 3727 obtineant
2857 3688 2982 3729 non

578 3765 747 3805 secus
776 3765 843 3804 ac
872 3744 1091 3805 Christi
1118 3746 1478 3816 satisfactio;
1522 3747 1684 3821 quod
1713 3752 1913 3803 tamen
1944 3747 2292 3804 Adversarii
2317 3766 2439 3805 non
2467 3747 2743 3805 dixerint.
2801 3748 2983 3807 Unde

577 3825 1011 3895 concludimus,
1040 3824 1273 3882 nullam
1298 3825 1397 3882 hic
1415 3824 1711 3881 rationem
1739 3823 2246 3883 subordinationis
2273 3844 2398 3885 esse
2425 3826 2829 3901 quaerendam,
2857 3826 2982 3886 imo

579 3905 707 3962 haec
732 3906 913 3979 plane
939 3903 1206 3962 ἅσῦστατα
1232 3921 1355 3962 esse
1383 3911 1444 3960 et
1469 3902 1987 3977 incompossibilia.

662 3982 779 4041 XI.
817 3980 981 4040 Hinc
1006 3990 1173 4058 patet
1199 3983 1379 4040 etiam
1406 3998 1634 4039 vanum
1662 3998 1784 4037 esse
1812 3986 1872 4037 et
1898 3980 2222 4038 ridiculum
2249 3984 2413 4058 quod
2441 3982 2768 4059 subjiciunt
2784 3982 2983 4043 Chris-

576 4068 708 4120 tum
738 4059 1155 4121 Satisfactione
1198 4080 1309 4118 sua
1350 4060 1524 4117 nobis
1567 4060 1711 4116 dare
1750 4058 1906 4116 vires
1952 4076 2058 4134 pcr
2101 4078 2251 4135 quas
2293 4060 2741 4121 satisfaciamus.
2815 4060 2978 4121 Nam

574 4140 770 4215 primo
799 4139 941 4197 huic
968 4146 1303 4198 commento
1331 4137 1637 4212 Scriptura
1675 4145 1993 4212 repugnat,
2041 4156 2178 4213 quse
2219 4139 2366 4197 dicit
2406 4141 2648 4215 quidem
2681 4139 2980 4200 Christum

574 4236 685 4291 pro
712 4218 887 4276 nobis
912 4225 1221 4277 mortuum
1249 4224 1319 4275 ut
1344 4222 1587 4293 peccata
1612 4222 1822 4273 nostra
1865 4223 2166 4292 purgaret,
2214 4235 2442 4293 nosque
2486 4236 2524 4276 a
2564 4219 2979 4277 maledictione

576 4294 756 4368 Legis
782 4298 1119 4369 redimeret,
1147 4297 1402 4373 ideoque
1430 4314 1539 4371 pro
1560 4294 1734 4352 nobis
1755 4294 2155 4355 satisfaceret:
2199 4294 2319 4355 Sed
2347 4297 2625 4373 nuspiam
2647 4299 2812 4375 quod
2839 4298 2974 4355 ideo

573 4378 849 4429 mortuus
882 4373 957 4430 sit
1000 4382 1071 4431 ut
1112 4376 1285 4434 nobis
1329 4377 1500 4433 daret
1535 4373 1691 4431 vires
1735 4373 2150 4433 satisfaciendi.
2225 4374 2327 4432 An
2357 4392 2500 4450 ergo
2525 4394 2640 4433 nos
2666 4374 2976 4434 redemisse

574 4449 805 4505 dicetur
831 4457 902 4507 ut
928 4451 1040 4526 ipsi
1076 4469 1335 4512 essemus
1362 4454 1549 4511 nostri
1580 4452 2026 4529 Redemptores,
2073 4460 2134 4511 et
2164 4454 2518 4529 persolvisse
2544 4456 2750 4513 debita
2776 4460 2975 4511 nostra

574 4532 644 4585 ut
672 4526 787 4602 ipsi
814 4544 887 4585 ea
912 4530 1276 4589 solveremus
1298 4534 1323 4575 ‘⁶’
1369 4530 1503 4590 Imo
1530 4538 1847 4607 propterea
1871 4532 2093 4590 dicitur
2111 4532 2501 4608 perseipsum
2525 4532 2732 4591 fecisse
2759 4547 2974 4609 purga-

570 4607 795 4663 tionem
832 4613 1209 4681 peccatorum
1236 4616 1599 4682 nostrorum,
1629 4610 1787 4668 Heb.
1817 4610 1855 4670 i.
1888 4610 1944 4681 3,
1973 4628 2050 4668 ne
2077 4610 2190 4685 ipsi
2217 4616 2557 4667 teneremur
2583 4630 2714 4669 eam
2741 4610 2970 4681 faeci-05

396 5134 916 5192 Q....:
939 5179 996 5192 -.ι
1019 5167 1066 5192 ⁸:-
1121 5167 1130 5176 '
1171 5169 1325 5192 ..““.-“””
1341 5172 1352 5181 “
1380 5189 1390 5192 -
1410 5168 2285 5192 ’-,.ς.σ“-ιὶ““--·.·----
2310 5183 2576 5192 -—.*-—.*-
