3234 5192
508 287 626 348 346
1545 303 1624 342 m:
1655 304 1882 344 ΜΑΝΝΔ.
2503 287 2766 368 [ῡῐεΡυτ.
2799 307 2926 347 vm.

500 447 661 506 illius
688 445 833 524 typi,
864 452 923 504 et
950 444 1255 504 veritatem
1280 443 1440 504 illius
1460 444 1666 522 figurae
1689 463 1752 504 se
1773 453 1968 524 aperte
1989 443 2168 504 fuisse
2195 443 2400 505 docet:
2444 444 2573 519 Quo
2601 447 2776 508 etiam
2804 467 2920 506 non

502 527 745 586 obscure
800 525 1036 603 respicit
1090 525 1277 602 Apoe.
1328 525 1387 583 ii.
1440 529 1532 599 17,
1580 526 1720 584 dum
1753 525 1982 586 Victori
2025 525 2348 602 pollicetur,
2396 527 2432 557 ‘⁴
2455 545 2516 584 se
2545 525 2814 586 daturum
2843 549 2918 587 ex

514 605 1142 680 mannaabscondit0,''
1164 605 1255 664 sui
1276 606 1413 664 nim.
1435 607 1897 666 communionem
1920 605 2274 666 salutiferam
2293 605 2484 664 tamin
2505 608 2710 683 gratia,
2742 628 2918 685 quam

502 689 565 746 in
592 687 795 766 gloria,
826 688 937 745 hoe
968 687 1233 764 symbolo
1262 686 1593 762 designans.

584 768 775 826 XIII.
821 769 875 825 N
878 787 944 826 ec
972 768 1165 827 obstat
1192 767 1328 826 huic
1356 766 1724 844 expositioni,
1748 765 1908 843 quod
1935 765 2215 842 Christus,
2247 767 2292 826 J
2293 766 2386 824 oh.
2412 765 2510 843 vi.,
2540 767 2797 844 loquitur
2843 769 2916 828 de

500 868 729 923 manna,
760 857 1037 925 tanquam
1082 847 1155 906 de
1204 847 1333 906 cibo
1378 847 1742 924 corruptibili
1768 855 1826 905 et
1853 847 2168 922 materiali,
2185 847 2287 924 qui
2313 866 2432 904 non
2451 848 2641 924 potuit
2667 857 2859 926 patres
2879 869 2916 908 a

498 939 683 988 morte
710 928 997 986 immunes
1024 935 1313 1004 praestare,
1362 929 1397 961 ‘⁴
1422 929 1627 986 Patres
1655 926 1893 1000 vestri,’'
1925 927 2129 1004 inquit,
2161 947 2280 986 ver.
2311 929 2408 1003 49,
2457 930 2724 986 “manna
2749 948 2912 987 man-

496 1008 783 1067 ducarunt
810 1009 871 1066 in
899 1008 1143 1082 deserte,
1184 1017 1243 1066 et
1269 1008 1478 1068 mortui
1522 1009 1717 1068 sunt.''
1803 1007 1953 1081 Quia
1983 1008 2353 1067 Sacramenta
2381 1008 2626 1085 spectari
2651 1017 2912 1086 possunt,

506 1088 605 1148 vel
632 1087 825 1166 quoad
853 1092 905 1147 τὶ
955 1089 1265 1163 materiale,
1315 1107 1418 1147 seu
1460 1088 1655 1164 quoad
1701 1097 1970 1146 naturam
1990 1113 2016 1162 ,·
2058 1087 2171 1146 Vel
2210 1087 2404 1164 quoad
2432 1093 2486 1146 τὶ
2501 1089 2774 1166 formale,
2807 1109 2914 1149 seu

498 1169 693 1246 quoad
745 1169 1218 1249 siymficationem.
1322 1169 1511 1226 Priori
1564 1187 1742 1228 sensu
1797 1187 2010 1226 manna
2055 1177 2178 1228 erat
2220 1187 2356 1226 vere
2397 1168 2562 1228 cibus
2605 1189 2912 1246 corporeus

494 1249 720 1308 alendis
748 1249 1083 1326 corporibus
1112 1248 1431 1308 destinatus
1455 1272 1470 1309 ε
1517 1249 1635 1308 Sed
1663 1249 1966 1326 posteriori
1993 1248 2138 1308 bene
2159 1248 2373 1308 dicitur
2405 1249 2732 1325 spiritualis,
2779 1251 2916 1327 quia

496 1331 795 1409 spirituale
818 1330 1039 1408 aliquid
1060 1328 1440 1406 significabat.
1527 1328 1753 1387 Deinde
1775 1329 1936 1388 aliud
1975 1337 2064 1388 est
2089 1330 2252 1406 loqui
2279 1329 2350 1387 de
2381 1349 2441 1388 re
2471 1330 2665 1406 aliqua
2705 1330 2781 1389 ad
2807 1331 2910 1388 ho·

495 1412 727 1486 minem,
758 1411 821 1470 id
848 1419 937 1470 est
964 1431 1039 1469 ex
1062 1409 1369 1488 hypothesi
1398 1409 1717 1485 sententiae,
1747 1419 1807 1468 et
1827 1429 1931 1486 pro
1960 1417 2132 1486 captu
2159 1429 2358 1468 eorum
2387 1429 2516 1468 cum
2544 1410 2756 1486 quibus
2785 1411 2908 1487 agi·

496 1511 660 1568 mus;
706 1491 890 1550 Aliud
914 1511 1051 1550 vero
1080 1509 1155 1548 ex
1184 1490 1266 1548 rei
1293 1490 1557 1549 veritate.
1645 1489 1742 1548 Sic
1794 1489 2011 1548 Paulus
2054 1489 2125 1548 de
2153 1489 2586 1549 circumcisione
2615 1510 2730 1548 non
2761 1511 2906 1550 sem-

496 1592 601 1649 per
621 1572 824 1630 eodem
853 1571 1025 1629 modo
1053 1569 1309 1646 loquitur
1332 1592 1345 1645 ;
1394 1570 1545 1627 Nam
1571 1589 1703 1628 cum
1736 1569 1848 1627 Dei
1875 1570 2296 1628 institutionem
2323 1570 2384 1628 in
2413 1571 2538 1647 ipsa
2565 1570 2906 1644 considerat,

494 1651 638 1710 dicit
681 1671 951 1727 magnam
996 1669 1121 1708 esse
1166 1651 1294 1726 ejus
1344 1650 1787 1726 praerogativam
1815 1658 1875 1708 et
1901 1649 2226 1725 utilitatem,
2259 1650 2428 1708 Rom.
2459 1651 2539 1709 iii.
2574 1654 2625 1726 l,
2657 1671 2725 1710 eo
2753 1652 2912 1728 quod

498 1739 653 1790 esset
674 1731 929 1808 sigillum
954 1729 1330 1806 obsignandas
1344 1730 1588 1806 justitiae
1610 1728 1764 1802 fidei,
1797 1729 1966 1788 Rom.
1991 1731 2070 1789 iv.
2098 1730 2200 1806 113
2234 1750 2410 1808 quum
2433 1739 2626 1790 autem
2653 1731 2913 1808 disputat

494 1812 774 1870 adversus
822 1831 938 1884 e03,
988 1811 1091 1887 qui
1134 1809 1304 1886 signo
1345 1819 1585 1868 externo
1613 1818 1673 1868 et
1699 1808 1855 1868 nudo
1877 1809 2290 1886 gloriabantur,
2314 1819 2372 1870 et
2399 1811 2460 1868 in
2487 1831 2557 1870 ea
2583 1831 2913 1889 perversam

494 1893 700 1950 salutis
748 1890 1013 1950 fiduciam
1062 1889 1439 1963 collocabant,
1492 1889 1636 1948 dicit
1678 1889 1818 1947 nihil
1863 1911 1993 1964 esse,
2027 1891 2160 1950 Gal.
2199 1891 2278 1949 vi.
2327 1893 2418 1967 15,
2471 1892 2587 1951 imo
2633 1891 2906 1951 maledic-

490 1972 668 2032 tionis
696 1971 1023 2048 symbolum
1053 1989 1181 2029 esse
1208 1977 1469 2043 testatur,
1500 1971 1640 2046 quia
1679 1969 1942 2030 homines
1967 1970 2056 2028 illi
2083 1991 2144 2030 se
2173 1971 2437 2049 obligant
2464 1971 2540 2030 ad
2567 1971 2910 2030 servandam

496 2061 677 2113 totam
738 2053 972 2129 Legem,
1008 2050 1139 2110 Gal.
1197 2070 1253 2108 v.
1298 2053 1355 2109 3.
1441 2050 1665 2108 Eodem
1732 2050 1905 2110 modo
1963 2051 2226 2110 Christus
2281 2072 2344 2111 se
2399 2061 2692 2129 comparat
2732 2073 2913 2130 agens

493 2155 624 2193 eum
647 2132 876 2194 Judaeis
900 2155 915 2206 ;
948 2132 1091 2190 Cum
1111 2131 1264 2188 enim
1288 2129 1535 2189 carnalis
1565 2131 1875 2191 multitudo
1899 2131 2126 2190 Mosem
2147 2132 2322 2208 longe
2345 2131 2636 2209 praeferret
2659 2133 2906 2208 Christ0,

490 2215 647 2292 quod
675 2213 953 2292 populum
981 2231 1084 2290 per
1112 2213 1190 2268 40
1218 2231 1401 2270 annos
1444 2211 1506 2269 in
1544 2209 1774 2271 deserto
1825 2211 2166 2270 miraculose
2218 2212 2474 2288 aluisset,
2505 2233 2612 2271 nec
2640 2212 2800 2271 aliud
2849 2214 2910 2271 in

492 2315 705 2352 manna
725 2300 1026 2370 spectaret,
1058 2310 1233 2367 quam
1262 2291 1453 2349 cibum
1484 2291 1756 2367 corporis,
1787 2300 1853 2350 ut
1893 2312 1999 2350 nec
2029 2291 2187 2350 aliud
2216 2293 2526 2370 quaerebat,
2559 2293 2822 2352 Christus
2849 2293 2912 2351 in

492 2395 597 2434 sua
651 2373 1021 2451 responsione
1064 2390 1181 2428 non
1226 2371 1481 2446 explicat
1523 2370 1799 2448 quidnam
1845 2371 2276 2448 significaverit,
2319 2373 2439 2449 sed,
2473 2374 2604 2432 aliis
2641 2374 2909 2432 omnibus

491 2455 739 2530 omissis,
798 2451 1125 2511 auditorum
1182 2451 1377 2510 sensui
1426 2469 1746 2510 sermonem
1804 2471 1972 2510 suum
2027 2452 2438 2528 accommodat,
2465 2453 2630 2531 quasi
2672 2453 2906 2529 diceret,

494 2536 693 2594 Moses
736 2533 905 2592 vobis
934 2541 1023 2592 est
1047 2531 1111 2589 in
1140 2550 1363 2591 summo
1391 2531 1594 2608 pretio,
1625 2532 1764 2609 quia
1807 2532 2044 2591 Patrum
2073 2541 2398 2592 vestrorum
2425 2542 2658 2593 ventres
2681 2534 2907 2612 sagina·

490 2616 577 2674 vit
606 2616 667 2673 in
695 2605 949 2690 desert03
992 2613 1105 2670 hoc
1146 2611 1299 2670 enim
1343 2632 1521 2671 unum
1562 2612 1705 2670 mihi
1733 2613 2022 2690 objicitis3
2068 2614 2198 2690 Ego
2219 2614 2390 2672 vobis
2417 2633 2520 2691 pro
2549 2614 2730 2674 nihilo
2759 2635 2903 2692 sum,

489 2697 629 2775 quia
656 2715 773 2755 non
802 2691 1105 2772 suppedito
1154 2692 1374 2752 ventris
1402 2693 1714 2753 alimenta:
1759 2693 1846 2752 At
1867 2693 1917 2752 si
1954 2693 2100 2752 tanti
2129 2693 2318 2752 facitis
2346 2694 2538 2752 cibum
2567 2695 2910 2772 corruptibi-

487 2779 621 2852 lem,
652 2775 793 2856 quid
822 2775 895 2834 de
923 2793 1071 2852 pane
1100 2773 1334 2832 vivifico
1363 2773 1744 2849 sentiendum,
1774 2794 1891 2851 quo
1919 2774 2126 2832 animae
2153 2773 2214 2833 in
2243 2775 2422 2832 vitam
2447 2785 2716 2834 aeternam
2745 2775 2910 2834 alun-

487 2869 585 2920 tur
602 2861 631 2917 Ρ
718 2857 813 2918 Sic
836 2856 1101 2915 Christus
1130 2873 1246 2913 non
1274 2861 1395 2912 tam
1422 2853 1505 2913 rei
1534 2853 1840 2914 veritatem
1867 2854 2130 2930 attendit,
2162 2874 2336 2930 quam
2366 2875 2440 2913 ex
2468 2855 2778 2932 hypothesi
2805 2875 2904 2914 au-

486 2941 739 3000 ditorum
765 2937 1039 3014 loquitur.
1126 2934 1343 2994 Paulus
1372 2953 1511 2994 vero
1540 2935 1678 2993 dum
1718 2935 1909 2994 cibum
1955 2935 2312 3012 spiritualem
2341 2945 2530 3010 vocat,
2559 2955 2678 2994 non
2704 2935 2908 3014 impio-

488 3041 613 3080 rum
638 3021 899 3092 abusum,
926 3017 1031 3076 sed
1053 3015 1165 3075 Dei
1187 3014 1445 3074 ordinem
1468 3023 1528 3074 et
1548 3035 1746 3074 veram
1777 3015 2120 3074 sacramenti
2147 3015 2568 3074 institutionem
2585 3016 2836 3093 respicit.

570 3099 749 3159 XIV.
796 3099 967 3155 Hanc
994 3105 1187 3155 autem
1236 3096 1715 3154 nomenclationis
1742 3095 1910 3154 istius
1937 3095 2218 3154 rationem
2241 3115 2356 3154 non
2387 3095 2563 3154 semel
2593 3096 2904 3157 observant

486 3188 730 3253 veteres,
776 3176 935 3252 Aug.
953 3177 1015 3233 in
1048 3176 1201 3234 Psal.
1230 3175 1459 3248 lxxvii„
1507 3177 1543 3208 “
1561 3195 1762 3234 omnes
1789 3175 2024 3253 quidem
2052 3174 2298 3236 eundem
2327 3175 2518 3235 cibum
2547 3176 2902 3254 spiritualem

486 3257 997 3330 manducaverunt,
1028 3262 1087 3314 et
1130 3255 1377 3314 eundem
1425 3262 1626 3330 potum
1671 3254 2024 3332 spiritualem
2063 3255 2348 3331 biberunt,
2377 3255 2442 3314 id
2468 3265 2574 3332 est,
2605 3257 2903 3334 spirituale

485 3337 706 3416 aliquid
726 3334 1206 3412 significantem,’'
1232 3343 1289 3392 et
1312 3343 1381 3392 tr.
1401 3337 1497 3410 26,
1524 3334 1583 3391 in
1612 3335 1655 3394 J
1659 3335 1773 3409 oh.,
1821 3335 2096 3395 “Manna
2123 3345 2180 3396 et
2201 3337 2382 3396 altare
2401 3345 2760 3396 sacramenta
2777 3337 2900 3396 fue-

486 3429 622 3480 runt
650 3417 709 3475 in
740 3415 923 3493 signis
949 3415 1197 3488 diversa,
1230 3412 1332 3472 sed
1354 3413 1414 3472 in
1442 3434 1505 3472 re
1525 3433 1657 3491 quae
1685 3414 2045 3491 significatur
2076 3417 2252 3494 paria,
2283 3417 2516 3476 diversa
2543 3418 2732 3494 specie
2759 3417 2902 3477 visi-

482 3501 605 3576 bili,
636 3496 797 3576 paria
823 3496 1037 3554 virtute
1056 3493 1374 3572 spirituali;
1421 3494 1624 3554 Patres
1665 3495 1818 3554 enim
1847 3495 2090 3554 eandem
2111 3516 2302 3556 escam
2323 3497 2679 3575 spiritualem
2708 3517 2897 3556 come·

483 3583 709 3655 derunt,
758 3595 929 3656 quam
959 3583 1017 3634 et
1060 3575 1225 3633 noa.’'
1314 3575 1410 3633 Sic
1457 3575 1774 3634 Anselmus
1823 3576 1882 3634 in
1919 3577 2074 3635 hunc
2101 3577 2310 3652 locum,
2359 3580 2393 3610 ‘⁴
2417 3577 2678 3636 Eandem
2707 3597 2899 3636 escam

482 3660 737 3741 corporis
766 3656 997 3731 Christi,
1027 3675 1201 3733 quam
1230 3674 1383 3714 nunc
1411 3653 1471 3714 in
1507 3675 1656 3732 pane
1703 3655 2132 3732 manducamus,
2165 3665 2356 3734 patres
2377 3657 2560 3716 nostri
2586 3657 2898 3716 manduca-

480 3751 691 3805 verunt
717 3740 780 3798 in
806 3757 1033 3813 manna,
1064 3744 1125 3796 et
1150 3735 1397 3796 eundem
1440 3745 1640 3814 potum
1691 3737 1992 3814 sanguinis
2021 3737 2250 3812 Christi,
2281 3757 2450 3815 quem
2480 3757 2586 3797 nos
2615 3758 2689 3798 ex
2717 3739 2897 3797 calice

480 3825 753 3896 bibimus,
800 3819 1077 3878 biberunt
1119 3837 1195 3876 ex
1244 3823 1442 3894 petra:
1484 3825 1545 3876 et
1570 3816 1704 3876 ideo
1733 3817 2089 3896 spiritualem
2117 3817 2612 3877 manducaverunt
2633 3817 2893 3892 eandem,

482 3925 655 3985 quam
682 3921 791 3961 nos
814 3921 829 3976 3
874 3897 1229 3976 corporalem
1278 3917 1419 3956 vero
1466 3897 1724 3972 alteram,
1772 3897 1910 3976 quia
1944 3896 2234 3957 visibilem
2274 3917 2465 3956 escam
2523 3898 2898 3975 spiritualiter

478 3987 907 4056 intellexerunt,
938 3978 1311 4057 spiritualiter
1330 3978 1712 4054 esuriverunt,
1745 3977 2118 4056 spiritualiter
2159 3986 2480 4055 gustarunt,
2512 3987 2578 4038 ut
2607 3978 2892 4056 spiritual·

480 4072 591 4130 iter
618 4063 979 4135 satiarentur,
1010 4079 1143 4118 nam
1172 4069 1231 4120 et
1257 4078 1365 4118 nos
1386 4057 1702 4135 accipimus
1730 4059 2018 4118 visibilem
2047 4059 2299 4133 eibum,''
2331 4056 2441 4118 Sec.
2469 4059 2567 4118 Sic
2589 4059 2777 4137 Apoe.
2811 4059 2894 4118 xi.

481 4154 537 4226 8,
560 4163 775 4224 magna
802 4141 1009 4202 civitas
1036 4147 1279 4199 vocatur
1304 4139 1676 4216 spiritualiter
1707 4139 1960 4200 Sodoma
1988 4147 2046 4198 et
2069 4139 2388 4216 AEgyptus.

563 4228 707 4288 XV.
756 4224 952 4300 Atque
978 4221 1116 4281 hinc
1142 4220 1311 4280 facile
1340 4220 1585 4280 solvitur
1635 4220 1958 4297 scrupuluS,
1989 4219 2090 4296 qui
2116 4219 2338 4278 moveri
2365 4227 2572 4296 potest,
2605 4219 2896 4296 quomodo

479 4327 679 4370 omnes
708 4303 984 4364 Israelitae
1020 4301 1287 4362 dicantur
1322 4299 1702 4360 manducasse
1751 4300 1926 4360 istum
1955 4301 2149 4359 cibum
2177 4299 2568 4378 spiritualem3
2613 4319 2744 4358 cum
2773 4317 2893 4359 cer·

480 4399 603 4450 tum
635 4387 726 4462 sit,
757 4405 833 4443 ex
860 4383 1115 4442 historias
1164 4381 1329 4457 serie,
1380 4391 1438 4441 et
1480 4401 1557 4440 ex
1603 4381 1799 4441 verbis
1827 4381 1970 4458 ipsis
1997 4380 2286 4458 Apostoli,
2311 4379 2622 4440 nonnullos
2651 4401 2726 4440 ex
2755 4379 2897 4456 ipsis

478 4468 749 4548 profanos
777 4470 835 4521 et
862 4463 1071 4539 impios
1099 4462 1294 4535 fuisse,
1325 4462 1427 4538 qui
1456 4461 1584 4520 Deo
1612 4462 1844 4538 probari
1873 4481 1988 4520 non
2015 4469 2344 4538 potuerunt,
2377 4460 2477 4519 sed
2508 4480 2655 4538 quos
2693 4479 2894 4520 severe

476 4555 715 4629 propter
742 4541 982 4601 crimina
1010 4562 1117 4600 sua
1144 4543 1205 4598 in
1232 4541 1462 4600 deserto
1489 4542 1736 4616 punivit,
1787 4561 1908 4600 ver.
1938 4561 1995 4599 v.
2083 4541 2232 4600 Nam
2253 4540 2392 4600 licet
2420 4559 2538 4600 non
2583 4541 2892 4600 manduca-

476 4629 669 4692 verint
710 4623 903 4683 cibum
944 4621 1119 4680 istum
1160 4621 1662 4697 quaspiritualcm,
1709 4621 1769 4680 id
1810 4631 1914 4696 est,
1959 4641 2074 4680 non
2119 4629 2342 4680 tantum
2389 4641 2486 4680 ore
2535 4621 2792 4698 corporis
2818 4621 2895 4680 ad
