3234 5192
516 342 629 401 194
1289 356 1367 397 nn
1396 354 1761 397 necessarus
1789 354 2136 399 sscnssmuu
2507 334 2766 418 [msru’r.
2797 354 2928 399 vm.

514 499 718 575 ligatio
740 498 1075 573 arctissima,
1097 505 1155 557 et
1172 513 1321 575 quae,
1341 497 1454 555 nisi
1475 496 1742 557 absoluta
1758 495 1834 555 sit
1855 495 2307 573 impossibilitas,
2331 505 2421 557 est
2437 495 2923 575 indispensabilis.

520 578 653 637 Hoc
680 587 885 637 natura
912 577 1047 636 fidei
1076 576 1278 654 exigit,
1310 596 1457 655 quse,
1488 583 1553 635 ut
1582 575 1754 634 corde
1776 574 2071 650 retinetur,
2103 575 2185 635 ita
2206 596 2308 653 per
2323 576 2742 636 confessionem
2759 596 2921 654 aper·

517 666 635 715 tam
666 657 1005 717 declaratur.
1090 657 1223 714 Hoc
1248 656 1435 733 pietas
1472 656 1745 732 postulat,
1776 675 1905 732 quse
1948 656 2165 714 cultum
2207 676 2324 714 non
2368 664 2591 715 tantum
2633 656 2922 715 internum

519 737 725 813 cordiS‚
758 737 861 795 sed
904 744 963 795 et
1006 744 1309 794 externum
1357 736 1611 811 corporis
1660 734 2076 811 complectitur.
2162 736 2295 795 Hoc
2337 736 2586 795 charitas
2624 735 2812 813 jubet,
2854 744 2921 793 ut

518 817 762 875 salutem
784 816 1175 894 proximorum
1204 834 1321 872 non
1362 815 1553 872 minus
1581 833 1650 871 ac
1677 822 1930 871 nostram
1963 813 2165 872 sedulo
2208 834 2666 891 promoveamus.
2750 814 2922 875 Alias

518 896 633 953 nisi
672 896 783 953 hoc
809 895 1025 969 liceret,
1056 894 1198 971 quid
1225 893 1457 951 tandem
1486 893 1602 950 illis
1631 892 1898 951 fidelibus
1925 893 2314 970 praestandum
2341 894 2536 953 foret?
2563 914 2639 953 an
2664 902 2920 971 perstare

518 974 795 1033 deberent
823 974 884 1031 in
926 973 1326 1031 communione
1358 973 1622 1031 Romana
1648 991 1886 1030 erronea
1914 980 1973 1031 et
1998 972 2360 1031 idololatrica
2377 976 2407 1033 Ρ
2491 973 2608 1032 Sed
2637 974 2746 1031 hoc
2784 993 2920 1032 con·

518 1054 761 1112 scientia
786 1054 1039 1130 ipsorum
1068 1071 1184 1110 non
1211 1052 1445 1129 patitur,
1477 1052 1615 1128 quia
1642 1070 1740 1109 ore
1784 1060 2063 1128 negarent
2091 1051 2247 1129 quod
2275 1052 2447 1111 corde
2474 1053 2735 1111 credunt.
2818 1051 2920 1111 An

517 1133 712 1211 potius
739 1132 1015 1191 deberent
1034 1150 1265 1189 manere
1289 1131 1411 1189 sine
1452 1130 1781 1208 pastoribus
1807 1138 1866 1189 et
1893 1130 2014 1189 ullo
2036 1132 2197 1191 cuitu
2223 1140 2481 1205 externe,
2506 1140 2566 1191 et
2592 1138 2917 1209 expectare,

518 1212 703 1271 donec
734 1212 895 1271 Deus
923 1211 1068 1270 alios
1114 1220 1282 1269 extra
1325 1210 1585 1269 ordinem
1634 1210 1931 1285 excitaret,
1981 1230 2155 1287 quam
2181 1219 2249 1269 ut
2268 1212 2370 1287 jus
2419 1210 2530 1270 sibi
2583 1218 2920 1288 arrogarent

521 1291 914 1369 congregandi
957 1290 1230 1349 ecclesias
1276 1298 1333 1349 et
1361 1288 1595 1348 creandi
1637 1297 1899 1367 pastores
1919 1292 1948 1347 Ρ
2033 1289 2166 1348 Scio
2202 1290 2435 1368 quidem
2483 1290 2595 1349 hoc
2625 1291 2804 1349 satius
2832 1290 2922 1348 vi·

518 1390 644 1430 sum
690 1370 910 1430 auctori
941 1370 1424 1447 Prcq'udiciorum,
1472 1389 1597 1447 cap.
1628 1368 1729 1427 vii.
1759 1388 1892 1446 pag.
1935 1369 2066 1445 155,
2094 1369 2199 1428 sed
2251 1369 2398 1427 nihil
2440 1369 2556 1428 dici
2601 1370 2792 1448 potuit
2819 1370 2918 1429 ab·

518 1450 747 1509 surdius
775 1458 835 1509 et
862 1450 1048 1527 magis
1091 1448 1530 1508 inconsiderate.
1614 1448 1770 1523 Quid
1811 1448 1964 1506 onim
1984 1450 2014 1507 Ρ
2093 1448 2194 1506 An
2239 1448 2421 1508 satius
2473 1450 2583 1509 erit
2629 1449 2922 1526 dispersos

516 1549 748 1589 manere
773 1529 992 1604 fideles,
1022 1536 1295 1605 tanquam
1325 1548 1466 1587 oves
1492 1526 1755 1604 palantes
1803 1527 1927 1586 sine
1954 1528 2297 1604 pastoribus,
2328 1536 2388 1587 et
2430 1528 2554 1587 sine
2595 1529 2756 1587 cultu
2797 1528 2922 1589 ullo

521 1617 761 1668 externo
791 1628 1038 1683 manere,
1068 1616 1241 1685 atque
1271 1608 1352 1665 ita
1377 1605 1500 1684 pati
1524 1607 1714 1664 lucem
1737 1606 2043 1682 evangelii,
2073 1605 2248 1665 fidem
2275 1615 2336 1666 et
2372 1606 2646 1686 pietatem
2687 1607 2920 1667 interci-

516 1686 670 1761 dere,
700 1706 873 1764 quam
902 1696 1085 1745 eoetus
1124 1686 1389 1763 publicos
1429 1704 1654 1762 cogere,
1685 1693 1745 1744 et
1768 1693 2029 1761 pastores
2045 1686 2351 1763 praeficere,
2381 1686 2483 1763 qui
2510 1687 2626 1745 illis
2646 1686 2922 1764 praesint?

520 1766 620 1825 An
649 1766 828 1824 satius
855 1768 964 1824 erit
982 1765 1137 1842 quod
1165 1766 1517 1842 praecipuum
1544 1772 1635 1823 est
1662 1763 1942 1839 omittere,
1993 1773 2054 1823 et
2080 1765 2204 1823 sine
2221 1785 2337 1841 quo
2366 1766 2644 1825 Ecclesiae
2673 1766 2922 1825 societas

516 1853 669 1905 stare
698 1845 914 1921 nequit,
945 1864 1120 1922 quam
1168 1864 1285 1902 non
1335 1843 1643 1903 observare
1693 1842 1952 1901 ordinem
1989 1844 2241 1921 aliquem
2301 1854 2610 1923 receptum,
2642 1864 2820 1921 quum
2848 1865 2918 1904 eo

518 1944 612 1983 res
641 1924 877 1982 devenit
906 1933 970 1983 ut
998 1923 1293 1981 observari
1321 1925 1615 2000 nequeat?
1697 1922 1798 1981 An
1825 1922 2006 1982 satius
2053 1924 2163 1982 erit
2189 1924 2528 2001 religionem
2574 1944 2801 1983 omnem
2843 1924 2917 1985 de

518 2003 734 2063 mundo
761 2004 908 2079 tolli,
939 2003 1035 2061 vel
1064 2002 1269 2061 saltem
1291 2022 1367 2061 ex
1388 2002 1583 2079 aliqua
1609 2002 1861 2079 regione,
1894 2022 2068 2080 quam
2097 2002 2260 2061 verbi
2302 2004 2651 2081 praeconium
2680 2002 2919 2080 aliquod

514 2083 744 2158 habere,
775 2082 1149 2161 quantumvis
1204 2082 1349 2141 citra
1400 2082 1546 2139 ritus
1591 2088 1920 2156 consuetos,
1968 2081 2105 2158 quia
2155 2083 2422 2159 usurpari
2475 2102 2590 2141 non
2636 2086 2918 2161 possunt?

517 2162 649 2222 Non
678 2162 1018 2222 crediderim
1046 2180 1391 2238 quemquam
1439 2160 1597 2239 pium
1627 2168 1686 2219 et
1731 2159 1962 2219 fidelem
2006 2161 2117 2221 hoc
2165 2161 2319 2239 apud
2363 2182 2426 2221 se
2468 2162 2635 2221 facile
2665 2170 2916 2221 statuere

513 2261 702 2320 posse.
789 2242 916 2299 Imo
944 2241 1139 2318 quivis
1166 2240 1327 2298 videt
1354 2239 1599 2316 gloriam
1631 2239 1742 2298 Dei
1769 2248 1829 2298 et
1855 2240 2101 2299 salutem
2140 2240 2400 2300 fidelium
2427 2241 2660 2318 exigere
2689 2250 2914 2301 contra-

515 2322 681 2397 rium,
725 2322 889 2379 nulla
932 2319 1250 2397 praesertim
1277 2320 1409 2396 lege
1451 2318 1512 2377 id
1538 2317 1898 2395 prohibente,
1943 2328 2004 2377 et
2051 2320 2100 2378 si
2145 2320 2396 2379 maxime
2441 2320 2636 2398 aliqua
2663 2320 2911 2396 daretur,

517 2421 658 2459 casu
684 2400 1053 2458 necessitatis
1101 2399 1501 2476 exceptionem
1556 2406 1615 2457 et
1668 2398 2158 2475 dispensationem
2195 2418 2232 2457 a
2268 2399 2400 2476 lege
2449 2399 2711 2459 faciente.
2797 2400 2914 2459 Ne-

517 2499 631 2557 que
678 2479 773 2539 hic
824 2478 1239 2555 reponendum,
1290 2477 1367 2535 ad
1394 2478 1654 2555 privatos
1695 2484 1754 2535 et
1781 2477 1964 2535 laicos
1992 2497 2110 2536 non
2149 2478 2434 2555 pertinere
2462 2478 2752 2557 publicam
2807 2478 2913 2537 mi-

514 2558 734 2617 nisterii
791 2557 1249 2631 institutionem3
1299 2557 1383 2615 ita
1429 2576 1547 2615 non
1587 2555 1844 2633 potuisse
1873 2556 2070 2615 vocari
2111 2565 2170 2616 et
2216 2557 2370 2616 mitti
2425 2567 2686 2636 pastores
2739 2558 2852 2616 nisi
2879 2578 2916 2616 a

513 2638 859 2716 pastoribus,
973 2637 1122 2695 Nam
1178 2636 1315 2695 licet
1361 2636 1473 2693 hoc
1529 2636 1589 2693 in
1655 2635 1900 2694 ecclesia
1963 2636 2277 2695 constituta
2330 2644 2390 2695 et
2440 2639 2589 2696 bene
2653 2637 2917 2697 ordinata

514 2718 789 2792 obtineat,
841 2736 958 2776 non
1028 2716 1159 2775 ideo
1217 2715 1391 2774 debet
1456 2733 1684 2791 semper
1744 2713 1938 2773 locum
1992 2715 2205 2775 habere
2272 2716 2336 2773 in
2383 2716 2628 2775 ecclesia
2681 2736 2915 2795 corrup·

512 2804 573 2855 ta
602 2807 660 2856 et
679 2796 1052 2856 restituenda.
1138 2794 1215 2854 Et
1234 2794 1345 2854 hoc
1373 2813 1442 2853 eo
1471 2793 1698 2852 facilius
1725 2792 1952 2853 admitti
1999 2794 2190 2871 debet,
2247 2796 2405 2873 quod
2453 2804 2671 2855 certum
2727 2796 2805 2855 sit
2858 2803 2917 2855 et

511 2876 919 2951 indubitatum,
950 2884 1015 2934 ut
1042 2874 1304 2953 pluribus
1334 2872 1561 2933 ostendi
1588 2881 1802 2949 posset,
1850 2872 1900 2931 si
1926 2874 2179 2932 instituti
2221 2874 2404 2933 nostri
2430 2875 2577 2934 ratio
2605 2875 2666 2933 id
2692 2883 2915 2953 patere·

512 2963 622 3030 tur,
660 2958 761 3033 jus
809 2954 1131 3015 vocationis
1185 2962 1497 3032 pastorum,
1550 2952 1710 3030 quod
1755 2972 1790 3010 a
1837 2951 2067 3011 Christo
2121 2953 2320 3011 datum
2371 2962 2460 3013 est
2503 2954 2823 3031 Apostolis,
2856 2963 2915 3013 et

511 3055 617 3113 per
662 3056 762 3093 eos
805 3036 1081 3111 ecclesiae,
1126 3053 1245 3092 non
1270 3033 1555 3110 pertinere
1585 3031 1662 3089 ad
1704 3031 1860 3090 solos
1899 3040 2178 3109 pastores,
2227 3051 2328 3091 seu
2370 3031 2653 3091 ecclesiam
2700 3053 2912 3110 reprae-

512 3116 859 3188 sentativam,
905 3114 1008 3172 sed
1044 3113 1334 3189 primario
1377 3121 1435 3170 et
1461 3112 1797 3170 radicaliter
1821 3111 2072 3170 residere
2095 3111 2155 3168 in
2185 3112 2457 3171 societate
2505 3113 2780 3189 fidelium,
2813 3132 2916 3173 seu

514 3193 745 3251 ecclesia
774 3194 1071 3266 collectiva,
1116 3211 1245 3267 quae
1275 3191 1421 3248 illud
1449 3190 1683 3266 quidem
1725 3189 1801 3247 ad
1841 3191 2136 3249 meliorem
2193 3190 2410 3250 ordinis
2453 3191 2916 3252 observationem

514 3271 575 3328 in
617 3280 875 3347 pastores
904 3290 1006 3328 seu
1060 3269 1405 3345 Synedrium
1450 3268 1778 3345 transtulit;
1821 3268 1904 3327 ita
1950 3277 2143 3328 tamen
2170 3276 2238 3327 ut
2285 3270 2386 3329 illo
2432 3290 2493 3331 se
2521 3271 2750 3349 penitus
2797 3289 2916 3330 non

515 3348 813 3424 abdicarit,
844 3349 984 3424 quin
1012 3348 1241 3405 nomine
1263 3356 1327 3405 et
1348 3347 1686 3405 auctoritate
1717 3366 1822 3405 sua
1848 3366 2075 3425 semper
2100 3357 2454 3425 exerceatur,
2484 3358 2542 3409 et
2562 3351 2704 3427 quin
2730 3350 2918 3428 possit

514 3447 584 3486 eo
612 3427 716 3502 uti,
747 3426 978 3503 quando
1006 3425 1109 3501 illi,
1141 3425 1351 3502 quibus
1385 3426 1494 3483 hoc
1523 3425 1826 3500 commisit,
1855 3445 2152 3503 perperam
2181 3447 2250 3486 eo
2291 3429 2606 3488 abutuntur
2651 3430 2726 3487 ad
2753 3450 2913 3488 men-

515 3505 668 3565 dacii
695 3504 1161 3583 propagationem
1188 3525 1202 3578 ;
1248 3514 1312 3563 ut
1340 3503 1686 3563 solidissime
1713 3504 1842 3579 hoc,
1868 3514 1932 3563 ut
1954 3514 2159 3564 caetera
2181 3508 2387 3584 omnia,
2419 3509 2726 3585 exequitur
2767 3510 2914 3569 cele-

514 3586 636 3645 ber.
680 3584 975 3657 Claudius,
1021 3584 1080 3640 in
1129 3583 1342 3641 eximio
1392 3602 1562 3660 opere
1603 3584 1958 3658 Defensiomk
1999 3588 2456 3663 Reformationis‚
2511 3608 2628 3646 non
2670 3589 2753 3647 ita
2797 3589 2911 3665 pri-

515 3666 645 3725 dem
677 3665 833 3724 edito
864 3662 1106 3736 Gallice,
1154 3661 1223 3721 P.
1256 3662 1366 3721 IV.
1413 3682 1536 3739 cap.
1583 3662 1665 3721 iii.
1695 3671 1754 3722 et
1774 3662 1852 3723 iv.
1937 3664 2091 3723 Vide
2129 3666 2300 3724 etiam
2351 3685 2480 3744 quae
2508 3686 2542 3725 a
2569 3668 2738 3725 nobis
2759 3668 2916 3727 dicta

514 3754 665 3821 sunt,
725 3745 945 3803 Iustina.
988 3744 1208 3801 Elenct.
1267 3740 1333 3800 P.
1392 3740 1512 3799 ΙΙΙ.
1568 3742 1726 3800 Loco
1774 3745 1864 3815 18,
1913 3743 2128 3819 Quaest.
2160 3749 2254 3819 24,
2301 3745 2372 3804 de
2419 3747 2551 3823 jure
2594 3747 2916 3806 vocationis

512 3836 826 3902 pastorum.
913 3822 1079 3880 Licet
1118 3841 1257 3897 ergo
1297 3828 1558 3898 pastores
1613 3823 1936 3899 evangelici
1962 3824 2325 3883 vocationem
2363 3844 2478 3882 non
2505 3826 2815 3885 habuerint
2841 3826 2917 3885 ab

513 3906 643 3963 aliis
684 3902 1029 3982 pastoribus,
1064 3899 1247 3978 (quod
1275 3900 1347 3958 de
1375 3899 1720 3976 quibusdam
1769 3908 1990 3961 tantum
2041 3902 2260 3961 dictum
2307 3904 2595 3979 volumus,
2652 3906 2914 3982 plerique

512 3984 684 4058 enim,
715 3991 780 4042 ut
821 3982 1092 4055 diximus,
1126 4000 1160 4037 a
1188 3978 1509 4038 Pontificiis
1563 3980 1814 4039 ordinati
1856 3980 2044 4061 erant)
2075 4002 2191 4040 non
2235 3982 2426 4041 minus
2482 3993 2674 4042 tamen
2721 3984 2912 4061 legiti-

511 4084 603 4122 me
629 4070 940 4157 potuerunt
980 4058 1178 4120 vocari
1224 4058 1299 4116 ab
1355 4058 1636 4135 Ecclesia,
1693 4058 1754 4117 in
1809 4079 1946 4119 casu
1999 4070 2274 4120 extremas
2319 4062 2696 4139 necessitatis,
2741 4082 2912 4141 quem

551 4162 795 4202 ommus.

510 4162 551 4221 p
594 4221 853 4280 XXIII.
898 4218 1142 4278 Frustra
1168 4236 1232 4275 er
1273 4236 1307 4275 o
1334 4215 1684 4294 pertendunt
1713 4216 2019 4293 Pontificii,
2043 4240 2158 4277 non
2220 4220 2436 4280 otuisse
2451 4219 2636 4279 laicos
2657 4220 2912 4280 ministe-

511 4300 659 4359 rium
689 4302 866 4375 obire,
896 4300 993 4357 vel
1021 4300 1165 4357 alios
1187 4238 1273 4355 ad
1289 4296 1672 4356 ministerium
1699 4316 1924 4373 vocare,
1949 4297 2140 4357 dando
2165 4300 2177 4313 ”
2206 4300 2278 4359 lis
2299 4300 2716 4374 auctoritatem,
2741 4318 2914 4376 quam

514 4400 633 4438 non
659 4380 968 4438 habebant.
1014 4378 1149 4436 Pari
1177 4376 1326 4435 enim
1357 4376 1579 4435 ratione
1602 4376 1718 4436 dici
1737 4386 1936 4453 posset
1951 4378 2244 4455 populum,
2271 4379 2370 4456 qui
2397 4398 2534 4455 rege
2563 4378 2911 4454 destituitur,

512 4478 632 4516 non
660 4476 830 4534 posse
858 4477 1110 4533 unquam
1151 4476 1349 4532 regem
1388 4455 1498 4515 sibi
1546 4456 1779 4534 eligere,
1827 4458 1964 4534 quia
2012 4459 2096 4517 sic
2144 4459 2542 4517 auctoritatem
2588 4477 2914 4536 supremam

508 4535 957 4596 communicaret
983 4537 1165 4611 alteri,
1198 4554 1370 4612 quam
1398 4555 1514 4593 non
1541 4536 1734 4610 habet,
1764 4536 1861 4594 vel
1879 4536 2254 4596 cardinalium
2284 4537 2611 4615 collegium,
2635 4538 2793 4616 quod
2819 4557 2912 4597 ca·

508 4624 595 4676 ret
626 4614 923 4690 Pontifice,
953 4634 1067 4671 non
1096 4633 1263 4691 posse
1294 4632 1484 4672 creare
1514 4614 1873 4690 Pontificem,
1903 4616 2040 4691 quia
2065 4634 2234 4675 nemo
2253 4636 2326 4675 ex
2347 4616 2490 4694 ipsis
2517 4617 2914 4677 auctoritatem
