3234 5192
299 335 529 376 msrur.
559 315 764 396 πῖναι]
928 335 1008 376 nn
1037 333 1510 378 suisne-noum
1537 333 1773 375 cuman
1801 333 2121 375 vamum:-
2605 322 2680 380 57
2686 323 2723 380 3

311 473 467 532 illius
494 474 709 534 intuitu
737 474 998 552 placatus
1025 485 1085 536 et
1109 475 1394 554 propitius
1430 472 1635 549 factus,
1668 473 1957 533 condonat
2000 473 2289 552 peccatori
2316 473 2595 553 quicquid
2622 478 2723 538 de·

311 552 576 630 liquerat,
607 575 714 613 nec
743 554 873 614 vult
900 555 1148 632 amplius
1191 555 1531 614 delictorum
1561 554 1690 631 ejus
1734 552 2081 613 meminisse.
2130 553 2227 612 Sic
2248 557 2519 631 operculo
2549 557 2723 616 Arcae

311 631 544 691 soederis
598 634 846 693 inditum
900 653 1111 693 nomen
1151 659 1294 709 nnus,
1325 653 1440 712 quo
1497 631 1919 710 significaretur
1972 632 2176 692 merito
2228 642 2287 692 et
2331 634 2721 696 satisfactione

315 713 546 786 Christi,
578 715 744 791 cujus
772 715 984 774 intuitu
1011 714 1198 772 factus
1225 723 1314 772 est
1339 713 1508 772 nobis
1547 712 1710 771 Deus
1753 711 2051 789 propitius,
2100 712 2183 771 sic
2227 714 2459 792 contegi
2484 723 2725 792 peccata

316 801 512 850 nostra
539 794 600 850 in
627 793 817 870 legem
866 793 1134 868 admissa,
1165 799 1232 850 ut
1259 811 1552 870 nunquam
1581 791 1829 868 amplius
1869 791 1931 848 in
1976 799 2345 868 conspectum
2391 793 2503 851 Dei
2524 795 2723 855 venire

315 872 539 948 possint
566 873 642 930 ad
685 893 791 932 nos
836 871 1321 932 condemnandos.
1407 871 1614 948 Itaque
1643 870 1720 928 ad
1772 869 2159 947 expiationem
2203 871 2437 948 quidem
2466 874 2727 950 sequitur

313 951 486 1010 tectio
515 960 880 1028 peccatorum
905 961 974 1012 ut
999 951 1266 1011 effectum
1295 959 1354 1010 et
1395 968 1755 1027 consequens
1802 951 2207 1026 necessarium,
2238 951 2342 1010 sed
2388 953 2451 1010 in
2476 953 2728 1014 tectione

313 1050 430 1089 non
459 1040 548 1089 est
573 1031 700 1108 ipsa
727 1033 872 1092 ratio
900 1031 1157 1090 formalis
1185 1030 1549 1108 expiationis,
1579 1049 1698 1088 non
1746 1030 2054 1106 expiantur
2088 1037 2327 1108 peccata
2354 1031 2490 1108 quia
2517 1040 2721 1110 tegun-

313 1117 423 1184 tur,
457 1111 558 1168 sed
587 1110 718 1170 ideo
745 1121 1022 1188 teguntur
1047 1111 1184 1187 quia
1209 1130 1314 1188 per
1337 1109 1592 1169 victimae
1617 1109 1969 1168 oblationem
1998 1111 2231 1187 expiata
2259 1120 2583 1171 censentur.

395 1190 612 1248 XVII.
679 1187 780 1248 Ad
841 1191 1068 1250 tertiam
1125 1190 1299 1267 Resp.
1365 1192 1416 1246 1.
1483 1189 1598 1247 Per
1652 1187 1965 1268 συγχαίρω
2028 1188 2233 1248 damus
2304 1190 2719 1252 Hebraismum

313 1269 466 1327 hunc
493 1267 850 1345 frequentem
895 1289 1020 1328 esse
1065 1269 1125 1326 in
1169 1269 1468 1345 scriptura,
1517 1277 1584 1328 ut
1611 1270 1791 1326 verba
1818 1288 1947 1345 quae
1976 1269 2259 1328 actionem
2288 1269 2617 1346 significant
2643 1272 2721 1332 ad

315 1348 441 1424 ejus
489 1356 712 1406 tantum
762 1349 1206 1408 declarationem
1256 1357 1316 1406 et
1361 1347 1801 1426 patefactionem
1849 1347 2183 1422 referantur,
2216 1348 2385 1425 cujus
2410 1349 2720 1412 locutionis

315 1427 456 1484 alibi
475 1427 743 1505 exempla
764 1427 925 1486 varia
945 1426 1227 1503 dedimus,
1255 1428 1404 1487 Gen.
1435 1427 1600 1502 xxii.,
1632 1427 1763 1487 Jac.
1794 1426 1874 1500 ii.,
1906 1436 1965 1486 et
1993 1426 2129 1488 Act.
2159 1427 2283 1486 xiii.
2316 1430 2413 1503 33,
2444 1426 2553 1488 &c.
2584 1431 2718 1489 Non

315 1525 597 1582 negamus
625 1507 798 1566 etiam
827 1508 888 1564 in
914 1507 1059 1566 locis
1087 1506 1338 1566 laudatis
1385 1526 1515 1584 quae
1557 1513 1821 1584 spectant
1853 1505 2138 1583 judicium
2168 1506 2325 1583 quod
2352 1510 2722 1585 pronunciari

316 1585 490 1645 debet
517 1607 552 1644 a
579 1587 975 1647 sacerdotibus
1017 1588 1169 1646 circa
1215 1586 1450 1664 lepram,
1483 1586 1629 1644 Lev.
1658 1585 1804 1657 xiii„
1832 1585 1973 1660 xiv„
1998 1586 2181 1645 verba
2213 1585 2339 1645 haec
2368 1587 2719 1649 declarativa

317 1685 444 1724 esse
489 1665 883 1744 intelligenda.
958 1665 1074 1725 Sed
1122 1671 1178 1725 2.
1207 1685 1490 1743 negamus
1523 1665 1663 1724 hinc
1706 1666 1873 1742 sequi
1900 1674 2180 1743 perpetuo
2208 1664 2268 1723 id
2288 1666 2481 1725 locum
2508 1667 2722 1728 habere

315 1765 503 1822 posse,
533 1746 675 1805 talia
701 1746 853 1805 enim
883 1754 1018 1805 sunt
1043 1746 1356 1824 praedicata
1382 1744 1578 1823 qualia
1622 1746 2029 1823 permittuntur
2055 1765 2183 1804 esse
2211 1765 2247 1804 a
2274 1747 2395 1806 suis
2424 1747 2719 1826 subjectis,

315 1825 412 1884 hic
438 1834 632 1884 autem
681 1825 740 1883 in
783 1847 852 1887 eo
880 1824 954 1885 de
993 1846 1108 1903 quo
1157 1825 1351 1902 agitur
1392 1825 1629 1902 negotio
1674 1824 2119 1884 declarationem
2146 1825 2335 1885 locum
2364 1826 2577 1886 habere
2604 1848 2722 1887 non

316 1925 488 1981 posse
529 1906 766 1964 seorsim
809 1907 883 1964 ab
911 1906 1038 1982 ipsa
1077 1903 1378 1964 effectione
1420 1905 1739 1978 docuimus,
1772 1913 1831 1962 et
1868 1903 2051 1963 sicubi
2082 1905 2331 1980 expiatio
2372 1909 2725 1966 declarativa

313 1984 586 2044 tribuitur
614 1985 916 2058 sacerdoti,
941 1983 1256 2042 innumeris
1281 1983 1412 2042 aliis
1439 1983 1499 2040 in
1520 1983 1667 2041 locis
1692 1984 1941 2058 effectiva
1961 1993 2015 2041 et
2032 1985 2205 2043 realis
2222 1993 2580 2061 connotatur,
2606 1987 2720 2047 Ex.

315 2083 393 2139 g.,
425 2083 600 2140 quum
633 2065 877 2122 subinde
904 2063 1084 2121 verba
1127 2063 1250 2119 haec
1295 2069 1648 2138 repetuntur,
1680 2062 1959 2136 Expiabit
1984 2081 2108 2120 eum
2133 2064 2413 2122 Sacerdos
2441 2073 2496 2121 et
2532 2066 2723 2124 remit-

316 2152 462 2200 tetur
502 2144 569 2215 ei,
601 2143 726 2200 haec
752 2162 869 2200 non
912 2141 986 2199 ad
1014 2141 1446 2200 declarationem
1474 2139 1690 2212 referri,
1722 2139 1825 2197 sed
1852 2139 1927 2197 ad
1954 2139 2140 2215 ipsam
2168 2142 2501 2214 effectionem
2526 2144 2721 2220 palam

313 2229 418 2295 est,
471 2229 756 2296 quatenus
787 2222 960 2296 juxta
1005 2220 1194 2296 legem
1235 2217 1512 2278 offerebat
1544 2217 1841 2276 victimam
1870 2217 2216 2294 piacularem
2247 2239 2351 2296 pro
2398 2231 2717 2300 peccatore,

314 2300 574 2376 adeoque
623 2299 906 2359 efficiebat
953 2307 1013 2358 et
1057 2299 1404 2376 procurabat
1451 2295 1838 2375 expiationem
1868 2297 1997 2376 ejus
2024 2297 2291 2375 legalem.
2338 2299 2436 2359 Sic
2463 2301 2719 2378 expiatio

312 2380 650 2457 proponitur
678 2388 949 2456 tanquam
980 2388 1142 2439 actus
1169 2379 1271 2456 qui
1299 2379 1365 2439 fit
1394 2398 1426 2437 a
1469 2377 1768 2438 sacerdote
1804 2377 2030 2438 fusione
2080 2379 2379 2456 sanguinis
2407 2380 2627 2457 hostiae,
2659 2391 2721 2441 et

313 2461 644 2537 aspersione
671 2479 860 2518 rerum
891 2477 1198 2534 sacrarum,
1250 2467 1316 2518 ut
1363 2459 1578 2534 altaris,
1609 2457 1746 2533 veli,
1780 2478 1894 2517 arae
1923 2456 2165 2534 suffitus,
2197 2478 2312 2536 quo
2340 2468 2533 2520 reatus
2561 2462 2717 2521 aufe-

313 2549 476 2599 ratur
513 2539 850 2617 peccatoris,
889 2546 948 2598 et
977 2539 1035 2597 in
1064 2538 1234 2598 altari
1261 2539 1494 2616 quidem
1523 2538 2050 2598 reconciliationem
2079 2547 2138 2598 et
2163 2539 2558 2600 remissionem
2585 2562 2719 2620 pec-

313 2629 588 2694 catorum,
613 2621 674 2678 in
696 2620 943 2680 sacrario
965 2639 1103 2680 vero
1119 2619 1446 2679 libertatem
1475 2618 1685 2694 aditus,
1714 2626 1774 2677 et
1799 2628 2021 2696 partem
2049 2615 2431 2695 nanciscatur,
2460 2639 2579 2678 non
2606 2623 2720 2680 uti-

313 2719 426 2777 que
449 2700 798 2759 declarative
829 2708 1052 2759 tantum
1082 2697 1187 2758 sed
1227 2698 1508 2758 effective.
1575 2702 1633 2757 3.
1680 2697 1745 2757 Si
1798 2699 1929 2757 loca
1956 2697 2358 2774 expendantur
2407 2699 2469 2756 in
2506 2701 2717 2777 quibus

313 2779 660 2855 expiationis
683 2800 718 2837 a
735 2780 950 2838 Christi
970 2778 1137 2836 sactae
1155 2778 1220 2836 fit
1241 2778 1473 2850 menti0,
1498 2787 1564 2835 ut
1581 2777 1769 2854 Apoc.
1790 2777 1827 2836 i.
1852 2781 1907 2852 5,
1938 2781 1965 2834 l
1992 2777 2037 2836 J
2038 2776 2131 2836 oh.
2150 2777 2189 2834 i.
2215 2780 2269 2852 7,
2293 2777 2446 2836 Heb.
2466 2777 2506 2836 i.
2526 2781 2581 2854 3,
2610 2797 2712 2856 pa-

311 2858 458 2917 tebit
477 2878 593 2916 non
613 2859 734 2916 sine
757 2858 972 2934 insigni
983 2857 1308 2915 detorione
1330 2855 1404 2914 ad
1426 2855 1874 2914 declarationem
1894 2855 2110 2928 referri,
2133 2874 2313 2931 quum
2322 2856 2385 2912 in
2405 2855 2479 2914 iis
2494 2876 2612 2915 non
2633 2860 2717 2918 rei

309 2936 618 3013 patefactio
647 2936 992 3010 attendatur,
1025 2936 1126 2993 sed
1145 2935 1334 3011 ipsum
1363 2934 1576 2993 Christi
1604 2933 1947 2992 beneficium
1974 2933 2312 2992 celebretur.

392 3014 644 3072 XVIII.
689 3015 784 3073 Ita
831 3015 890 3072 in
937 3021 1300 3072 antecessum
1343 3013 1635 3088 explicata
1676 3020 1885 3070 natura
1916 3011 2263 3088 expiationis
2290 3031 2394 3089 per
2420 3013 2713 3076 Christum

311 3091 496 3169 factae,
526 3092 1018 3171 progrediendum
1041 3100 1131 3151 est
1157 3091 1232 3150 ad
1253 3091 1625 3168 exceptiones
1652 3090 1932 3168 speciales
1952 3090 2145 3150 varias
2171 3092 2382 3168 quibus
2408 3113 2714 3170 argumen-

311 3180 433 3232 tum
455 3182 716 3232 nostrum
744 3193 779 3231 a
807 3171 1086 3232 sacrificio
1107 3169 1428 3247 expiatorio
1448 3170 1692 3248 petitum
1708 3169 1996 3229 infirmare
2024 3179 2319 3247 conantur,
2352 3171 2533 3232 Varia
2560 3176 2713 3234 enim

309 3253 408 3311 hic
451 3261 708 3312 movent.
769 3255 845 3310 1⁰.
893 3251 1256 3310 Oblationem
1308 3249 1522 3309 Christi
1577 3256 1638 3308 et
1678 3249 2025 3309 sacrificium
2066 3269 2183 3309 non
2210 3263 2507 3329 peractum
2534 3254 2713 3315 fuisse

311 3333 371 3390 in
398 3341 552 3392 terra
577 3333 682 3392 sed
709 3333 940 3392 demum
967 3330 1030 3388 in
1069 3329 1216 3389 coelo
1243 3338 1375 3407 post
1402 3331 1529 3407 ejus
1555 3329 1854 3388 introitum
1880 3349 2060 3407 quum
2094 3350 2230 3390 vere
2257 3332 2597 3410 designatus
2624 3344 2714 3396 est

309 3421 369 3472 et
397 3413 744 3474 constitutus
777 3410 1074 3471 Sacerdos.
1119 3410 1253 3470 Hoc
1281 3410 1404 3468 scil.
1433 3409 1745 3468 discrimen
1770 3409 1979 3470 volunt
2005 3429 2131 3469 esse
2159 3411 2310 3471 inter
2339 3413 2630 3473 Christum
2653 3423 2713 3474 et

311 3512 597 3552 summum
629 3492 984 3566 Pontificem,
1017 3488 1175 3567 quod
1221 3489 1332 3548 iste
1359 3498 1667 3566 antequam
1696 3489 2097 3567 ingrederetur
2120 3491 2185 3549 in
2212 3493 2523 3552 sacrarium
2573 3513 2710 3554 vere

310 3573 580 3632 sacerdos
607 3580 776 3646 esset,
809 3579 870 3630 at
898 3570 1162 3629 Christus
1187 3589 1308 3629 non
1329 3577 1462 3628 ante
1490 3589 1627 3628 vere
1670 3569 2019 3629 constitutus
2047 3569 2124 3629 sit
2151 3571 2419 3630 sacerdos
2446 3590 2621 3649 quam
2646 3574 2710 3632 in

310 3653 621 3710 sacrarium
671 3651 803 3710 coeli
853 3650 928 3709 sit
955 3649 1267 3727 ingressus,
1317 3667 1504 3726 neque
1533 3648 1809 3708 obtulerit
1835 3649 1947 3708 nisi
1974 3668 2078 3726 per
2104 3669 2273 3709 suum
2298 3651 2361 3708 in
2382 3651 2593 3710 coslum
2618 3652 2706 3709 in-

305 3733 560 3805 troitum,
593 3739 800 3791 caetera
816 3749 972 3806 vere,
996 3737 1063 3788 ut
1083 3737 1324 3788 mortem
1347 3737 1406 3786 et
1432 3729 1747 3806 passiones,
1778 3730 2056 3806 requisita
2082 3729 2315 3806 quidem
2343 3730 2519 3789 fuisse
2548 3739 2709 3791 ante·

309 3809 596 3885 cedenter,
642 3811 747 3870 sed
773 3819 1046 3887 tanquam
1074 3808 1549 3886 praeparationem
1597 3807 1675 3866 ad
1729 3808 2089 3883 sacrificium,
2140 3827 2258 3867 non
2312 3816 2585 3886 tanquam
2615 3831 2705 3870 sa-

309 3890 587 3949 crificium
615 3891 824 3967 ipsum.
915 3894 996 3948 2⁰.
1028 3887 1386 3948 Pertendunt
1434 3887 1715 3947 sacrificia
1760 3888 1820 3945 in
1862 3907 2075 3965 genere
2124 3888 2415 3948 Christum
2456 3909 2573 3947 non
2614 3910 2705 3950 re-

307 3969 585 4047 spexisse,
633 3969 736 4028 sed
777 3969 902 4028 sola
960 3968 1192 4046 publica
1231 3975 1290 4027 et
1346 3965 1739 4026 anniversaria
1782 3988 1817 4025 a
1878 3986 2102 4026 summo
2157 3966 2439 4027 Pontifice
2493 3969 2704 4042 oblata,

305 4069 550 4127 quorum
595 4049 834 4126 sanguis
881 4050 942 4107 in
990 4049 1202 4107 Sancta
1241 4047 1582 4106 Sanctorum
1626 4046 1991 4122 inferebatur,
2020 4067 2139 4106 non
2171 4047 2287 4106 alia
2311 4067 2704 4127 quaecunqu03

305 4139 480 4206 atque
509 4129 654 4187 adeo
681 4147 981 4206 perperam
1023 4146 1132 4185 nos
1178 4126 1252 4185 ab
1297 4125 1428 4186 istis
1483 4126 1751 4185 omnibus
1804 4127 2211 4202 argumentari.
2294 4130 2375 4186 3⁰.
2426 4128 2560 4186 Non
2601 4149 2708 4206 pro

304 4209 671 4286 gravioribus
700 4209 966 4284 peccatis,
989 4207 1092 4266 sed
1118 4224 1223 4284 pro
1241 4205 1380 4264 solis
1406 4204 1725 4265 levioribus
1752 4205 1946 4264 oblata
1972 4205 2167 4281 fuisse,
2198 4206 2322 4266 sive
2350 4207 2703 4286 quotidiana,

305 4291 430 4348 sive
459 4287 916 4347 anniversarium
945 4305 1188 4362 sacrum,
1217 4305 1322 4362 pro
1363 4284 1436 4344 iis
1463 4285 1588 4344 scil.
1618 4303 1747 4361 quse
1774 4285 2107 4361 iquorantr'oe
2132 4285 2409 4363 appellari
2446 4299 2705 4364 possunt.

303 4373 388 4430 4⁰.
423 4367 717 4428 Sacrificia
769 4367 884 4426 ista
923 4384 1062 4424 vere
1107 4375 1168 4424 et
1208 4367 1437 4442 proprie
1483 4364 1548 4421 vi
1601 4363 1849 4441 quadam
1887 4383 1993 4423 sua
2030 4365 2314 4443 expiasse,
2343 4366 2481 4443 quia
2506 4367 2583 4428 ad
2609 4389 2707 4427 eo·

303 4469 429 4509 rum
461 4448 813 4508 oblationem
843 4445 1190 4524 sequebatur
1209 4444 1488 4520 remissio,
1516 4463 1634 4502 non
1662 4451 1855 4502 autem
1882 4443 1923 4502 i·
1946 4441 2089 4522 «imp
2124 4453 2367 4522 tantum,
2396 4455 2461 4506 ut
2502 4449 2705 4508 statui-

304 4550 451 4606 muS,
482 4549 586 4608 per
612 4528 779 4606 exio-u
807 4526 882 4586 ad
909 4524 1251 4585 sacrificium
1281 4524 1512 4584 Christi.
1559 4523 1733 4583 Unde
1760 4532 2005 4600 quatuor
2040 4525 2101 4584 in
2127 4527 2577 4586 controversiam
2604 4549 2706 4588 ve-

301 4611 510 4672 niunt:
554 4611 768 4685 Primo,
801 4608 902 4665 An
930 4604 1194 4666 Christus
1222 4605 1396 4664 etiam
1440 4605 1500 4663 in
1547 4602 1719 4663 terris
1748 4603 2015 4665 sacerdos
2061 4605 2251 4684 fuerit,
2282 4627 2357 4666 an
2384 4607 2615 4669 demum
2644 4609 2705 4666 in
