3234 5192
500 323 619 382 394
1049 337 1131 378 nc
1158 335 1641 381 sinsrscrroms
1669 336 1908 378 onmem
1933 337 2350 380 nnonsst‘rsrn.
2541 318 2800 404 [msru’r.
2831 340 2916 382 xl.

497 482 560 540 in
582 479 801 555 pietate
816 483 879 536 et
898 477 1209 536 sanctitate
1225 477 1599 553 potissimum
1618 477 1898 552 imaginis
1918 477 2138 536 divinae
2159 483 2390 554 partem
2405 477 2583 538 sitam
2603 495 2745 552 esse,
2769 499 2918 557 quo-

500 561 655 619 circa
672 576 793 618 non
814 561 1009 630 potest
1024 575 1158 614 eam
1174 574 1299 614 non
1313 573 1515 614 amare
1531 557 1915 614 vehementer
1934 555 2293 632 ubicumque
2313 575 2387 615 ea
2401 557 2673 616 occurrit.
2711 558 2914 618 Nemo

501 643 703 698 autem
732 635 1064 712 quidquam
1092 641 1257 694 amat
1296 652 1487 708 usque
1524 635 1676 692 adeo
1703 636 2086 692 vehementer
2123 652 2201 692 ex
2239 634 2528 707 bonitate,
2557 637 2706 710 quin
2733 637 2914 696 etiam

500 735 577 775 ex
598 714 838 790 justitia
877 715 1259 770 vehementer
1300 711 1491 771 oderit
1531 713 1698 787 quod
1737 713 1795 770 ei
1821 713 2232 772 adversarium
2271 722 2399 786 est;
2442 715 2572 772 haec
2598 716 2759 774 enim
2785 734 2913 774 sese

500 794 755 853 invicem
794 797 1245 866 consequuntur
1269 796 1331 849 et
1368 797 1643 866 ponunt;
1684 788 1728 848 J
1733 808 1834 850 am
1872 808 2017 850 vero
2064 794 2576 866 quemadmodum
2602 795 2708 869 qui
2747 800 2915 852 amat

501 874 607 932 ille
647 872 829 930 etiam
871 875 1125 928 testatur
1164 885 1427 929 amorem
1465 887 1647 928 suum
1687 869 2074 928 beneficentia
2098 869 2150 928 si
2189 889 2314 946 qua
2337 871 2570 931 ratione
2609 871 2672 928 id
2698 879 2912 947 potest,

503 969 673 1011 amor
712 947 871 1008 enim
898 948 962 1006 in
1002 965 1073 1006 eo
1114 947 1383 1008 consistit
1421 949 1587 1021 quod
1619 947 1772 1006 bene
1810 949 1886 1007 iis
1926 949 2210 1008 volumus
2235 967 2362 1008 esse
2407 967 2560 1026 quos
2585 951 2911 1026 diligimus,

504 1031 655 1089 adeo
675 1035 747 1086 ut
772 1027 821 1084 si
843 1043 949 1101 per
974 1043 1086 1086 nos
1113 1026 1291 1085 liceat
1316 1043 1439 1083 non
1460 1027 1643 1083 modo
1669 1027 1946 1095 velimu8‚
1967 1027 2071 1084 sed
2099 1026 2279 1086 etiam
2299 1045 2362 1085 re
2383 1034 2731 1103 praestemus
2745 1030 2910 1106 ipsaj

505 1109 590 1167 sic
614 1106 797 1167 etiam
824 1104 931 1179 qui
958 1105 1087 1164 odit
1112 1105 1163 1162 si
1188 1121 1311 1180 quo
1339 1109 1514 1178 pacto
1550 1104 1616 1162 id
1641 1104 1838 1162 facere
1878 1111 2076 1180 potest
2101 1105 2382 1180 quiequid
2421 1105 2700 1164 vindictae
2728 1109 2912 1168 habet

502 1205 626 1264 prae
655 1184 935 1244 manibus
972 1183 1037 1240 id
1079 1201 1255 1242 omne
1281 1183 1347 1240 in
1387 1181 1448 1238 id
1478 1183 1644 1258 quod
1672 1190 1982 1242 aversatur
2029 1183 2302 1255 effundit,
2333 1191 2404 1242 ut
2444 1185 2541 1242 vel
2565 1185 2912 1244 destruatur

502 1264 745 1342 penitus
771 1263 869 1321 vel
894 1261 1241 1336 longissime
1268 1261 1642 1333 amandetur,
1669 1261 1878 1337 itaque
1904 1261 1957 1320 si
1983 1261 2114 1320 odit
2139 1262 2306 1320 Deus
2344 1270 2672 1338 peccatum,
2701 1264 2912 1339 puniet

504 1342 753 1403 omnino
773 1347 837 1400 et
859 1340 1195 1400 ulciscetur.

586 1421 797 1480 XXV.
822 1420 1115 1497 Secundo,
1146 1418 1275 1478 dixi
1303 1419 1464 1496 axio-n
1490 1418 1611 1478 Dei
1637 1419 1735 1478 hic
1759 1438 1887 1478 esse
1903 1421 2363 1493 attendendam3
2405 1439 2600 1496 neque
2627 1421 2786 1480 enim
2813 1422 2912 1480 hic

504 1501 861 1576 spectandus
888 1505 979 1557 est
1016 1509 1085 1556 ut
1124 1497 1421 1557 Dominus
1461 1497 1822 1573 simpliciter,
1851 1505 1962 1556 aut
1999 1510 2068 1556 ut
2099 1499 2392 1576 privatus,
2421 1501 2525 1558 sed
2553 1507 2624 1558 ut
2643 1500 2829 1576 judex
2856 1511 2912 1559 et

504 1589 694 1638 rector
720 1577 951 1648 mundi,
981 1583 1160 1651 atque
1186 1578 1339 1636 adeo
1365 1585 1437 1635 ut
1479 1576 1747 1636 Summus
1777 1577 2197 1652 Μαρίεινατω,
2246 1578 2540 1655 siquidem
2560 1598 2736 1654 poena
2761 1579 2910 1637 affii-

502 1675 660 1734 gere,
704 1662 813 1713 aut
839 1672 876 1713 a
920 1655 1109 1729 poenis
1136 1654 1402 1729 aliquem
1427 1656 1682 1714 liberare
1708 1673 1848 1712 cum
1873 1657 2086 1729 punire
2125 1657 2330 1731 possis,
2377 1677 2500 1716 non
2525 1664 2615 1716 est
2639 1658 2756 1716 nisi
2784 1676 2910 1715 rec-

502 1734 649 1796 toris
676 1751 799 1810 qua
824 1733 961 1791 talis
988 1734 1183 1808 primo
1210 1739 1273 1790 et
1297 1752 1403 1808 per
1428 1751 1508 1804 se,
1536 1739 1608 1792 ut
1633 1739 1784 1808 puta
1829 1733 1892 1790 in
1919 1733 2152 1793 familia
2177 1734 2376 1812 patris,
2399 1737 2464 1794 in
2489 1737 2796 1812 republica
2821 1754 2910 1792 re-

501 1815 607 1890 gis,
638 1812 699 1870 in
730 1811 1012 1869 universo
1038 1811 1187 1883 Dei3
1234 1811 1415 1879 Quod
1443 1830 1520 1870 ex
1540 1829 1613 1868 eo
1640 1811 1738 1868 vel
1775 1812 2035 1872 maxime
2071 1819 2236 1887 patet
2273 1817 2438 1890 quod
2465 1832 2642 1890 poena
2667 1815 2745 1872 sit
2771 1814 2911 1872 ulti·

504 1909 675 1952 mum
720 1890 786 1946 in
823 1891 1147 1962 coactione,
1192 1890 1419 1948 coactio
1446 1895 1652 1948 autem
1696 1907 1819 1949 non
1855 1897 2154 1967 competat
2177 1891 2296 1950 nisi
2321 1894 2614 1968 superiori
2659 1898 2726 1975 ‘'f’'
2747 1900 2911 1974 §mgn-

500 1970 657 2052 χοῖηῃ
688 1970 892 2046 ἐξουσίᾳ.
964 1967 1116 2028 Cum
1142 1985 1285 2043 ergo
1315 1967 1447 2026 Deo
1476 1985 1823 2042 supremum
1848 1969 2116 2043 regimen
2159 1977 2221 2031 et
2244 1977 2506 2045 potestas
2533 1973 2910 2048 gubernandi

502 2055 819 2125 competat,
848 2066 967 2106 non
996 2053 1193 2124 potest
1248 2064 1372 2104 non
1399 2047 1646 2104 rectoris
1699 2055 1896 2122 partes
1923 2048 2090 2106 obire
2137 2049 2252 2108 nisi
2278 2050 2548 2110 dominio
2572 2051 2688 2110 isto
2715 2069 2779 2110 se
2805 2052 2910 2110 ab·

502 2131 719 2201 dicare,
746 2127 811 2186 id
832 2133 923 2186 est
948 2127 1113 2202 quod
1140 2124 1450 2200 Scriptura
1482 2126 1764 2199 possibile
1810 2145 1936 2184 esse
1961 2125 2230 2186 districte
2275 2136 2458 2203 negat
2478 2131 2626 2187 velit
2649 2131 2910 2206 seipsum

503 2208 821 2281 abnegare.
948 2204 1167 2280 Itaque
1196 2221 1377 2280 quam
1404 2221 1639 2262 necesse
1679 2210 1769 2262 est
1807 2204 2023 2263 rectori
2059 2213 2121 2263 et
2154 2207 2408 2282 principi
2441 2208 2598 2268 inter
2635 2209 2910 2266 homines

503 2289 691 2344 bonas
717 2292 779 2342 et
804 2302 1009 2359 aequas
1035 2285 1197 2357 leges
1224 2281 1400 2353 ferre,
1428 2289 1491 2340 et
1516 2281 1780 2340 latarum
1807 2301 1869 2340 se
1895 2285 2206 2342 custodem
2230 2287 2512 2360 profiteri,
2540 2287 2635 2344 vel
2666 2286 2911 2362 praemia

505 2363 922 2422 obedientibus
960 2362 1293 2436 largiendO,
1321 2361 1420 2418 vel
1445 2379 1654 2435 poenas
1683 2363 2218 2435 transgressoribus
2263 2364 2610 2439 irrogand0‚
2653 2373 2782 2423 tam
2807 2383 2911 2422 ne-

503 2459 659 2501 cesse
687 2448 781 2497 est
807 2440 1005 2497 Deum
1032 2455 1379 2512 supremum
1404 2439 1616 2499 mundi
1643 2445 1931 2498 rectorem
1957 2447 2020 2498 et
2052 2441 2321 2514 judicem
2349 2445 2572 2502 scelera
2597 2443 2910 2502 hominum

501 2517 707 2578 ulcisci
749 2536 860 2575 nec
893 2517 1195 2592 impunita
1236 2516 1553 2589 dimittere,
1600 2523 1636 2552 “
1661 2517 1888 2576 Annon
1929 2517 1974 2576 J
1977 2520 2139 2578 udcx
2177 2519 2364 2580 totius
2401 2527 2572 2582 terrae
2615 2527 2910 2580 exerceret

502 2599 623 2659 Jus
644 2598 705 2657 3³⁹
754 2596 905 2656 Gen.
932 2595 1097 2653 xviii.
1128 2594 1225 2653 25.

586 2674 837 2735 XXVI.
882 2674 1089 2749 Atque
1114 2674 1257 2732 hinc
1278 2673 1453 2734 facile
1478 2674 1786 2750 colligitur
1810 2674 2034 2736 frustra
2071 2678 2424 2736 haereticum
2447 2677 2776 2738 identidem
2803 2698 2910 2739 no-

497 2757 589 2818 bis
614 2771 919 2832 reponere,
943 2751 1141 2810 Deum
1166 2771 1229 2811 se
1256 2754 1473 2812 habere
1494 2760 1564 2811 ut
1583 2764 1822 2829 partem
1848 2757 2125 2832 offensam
2151 2763 2392 2814 tantum
2417 2757 2480 2814 in
2503 2759 2618 2816 hoc
2643 2759 2906 2832 negotio,

500 2842 736 2914 partem
762 2840 962 2892 autem
992 2831 1280 2889 offensam
1308 2850 1433 2890 esse
1460 2851 1650 2907 poenae
1680 2832 2066 2906 creditricem‚
2088 2841 2264 2910 atque
2284 2835 2350 2892 in
2385 2852 2458 2893 ea
2483 2854 2548 2893 re
2575 2837 2796 2896 habere
2804 2838 2910 2912 jus

502 2916 683 2993 quale
710 2912 817 2971 alii
842 2909 1165 2970 creditores
1217 2910 1281 2968 in
1336 2911 1513 2970 rebus
1555 2910 1668 2968 sibi
1707 2911 1942 2983 debitis,
1993 2921 2062 2970 ut
2105 2916 2198 2973 vel
2225 2912 2460 2987 exigere
2487 2916 2672 2990 possit
2695 2915 2792 2972 vel
2819 2933 2910 2974 re-

500 2995 737 3052 mittere
762 3009 875 3067 pro
892 2989 1090 3047 libitu.
1174 2987 1341 3048 Nam
1368 2989 1423 3048 Ι.
1452 2987 1696 3048 Punitio
1718 2990 1794 3046 de
1821 3008 1944 3064 qua
1969 2990 2068 3050 hic
2087 2992 2338 3068 quaestio
2359 2998 2450 3050 est
2475 3011 2600 3051 non
2627 3001 2719 3052 est
2741 3001 2912 3054 actus

504 3077 845 3147 competens
864 3068 1035 3145 parti
1061 3071 1293 3147 offensas
1319 3086 1445 3142 qua
1470 3067 1597 3138 tali,
1620 3068 1765 3142 quia
1804 3068 2077 3145 alioquin
2106 3076 2404 3146 oporteret
2429 3072 2596 3130 omni
2637 3074 2795 3148 parti
2821 3072 2911 3130 of-

500 3149 689 3207 fensae
717 3153 1050 3222 competere
1089 3166 1196 3222 per
1236 3164 1299 3203 se
1330 3147 1437 3220 jus
1475 3146 1784 3220 puniendi,
1827 3148 1990 3222 quod
2017 3147 2240 3207 falsum
2267 3167 2392 3206 esse
2431 3167 2508 3206 ex
2543 3167 2614 3208 eo
2643 3158 2909 3226 apparet,

504 3228 671 3302 quod
698 3225 915 3299 punire
942 3224 1207 3283 diximus
1250 3242 1375 3282 esse
1412 3230 1614 3280 actum
1640 3230 1724 3290 τῆς
1755 3230 1994 3305 &mg-7535
2019 3247 2033 3284 ε
2075 3225 2234 3286 Laesi
2276 3227 2520 3302 quidem
2557 3229 2912 3302 qualescun-

503 3322 625 3379 que
658 3303 797 3377 jure
838 3303 1103 3360 naturali
1156 3309 1217 3360 et
1256 3301 1557 3360 ordinarie
1587 3302 1697 3375 jus
1737 3305 1961 3363 habent
1999 3305 2345 3380 postulandi
2385 3306 2821 3364 restitutionem
2851 3314 2913 3366 et

504 3380 707 3440 damni
734 3380 1294 3453 compensationem,
1322 3384 1675 3454 potestatem
1711 3389 1914 3440 autem
1939 3385 2210 3458 cogendi,
2239 3390 2420 3458 atque
2445 3383 2596 3441 adeo
2623 3385 2912 3442 constitu-

504 3459 645 3518 endi
672 3464 733 3517 et
778 3458 1055 3516 sumendi
1098 3475 1353 3532 poenam,
1380 3473 1505 3532 qua
1530 3459 1679 3518 tales
1705 3479 1829 3520 non
1855 3461 2094 3539 habent,
2124 3481 2268 3522 nam
2295 3461 2412 3541 qui}
2436 3461 2626 3519 alium
2653 3461 2817 3536 cogit
2841 3469 2914 3522 ut

503 3537 783 3596 restituat
806 3535 1093 3608 ablatum,
1122 3553 1193 3594 eo
1221 3535 1349 3610 ipso
1376 3553 1501 3592 sese
1528 3536 1636 3596 illo
1677 3539 2042 3614 superiorem
2077 3540 2383 3600 constituit
2407 3547 2470 3599 et
2493 3541 2732 3614 regulas
2753 3539 2912 3616 juris

504 3616 838 3692 exequitur,
868 3615 1031 3690 quod
1053 3632 1176 3674 non
1203 3613 1349 3672 facit
1372 3631 1493 3689 qua
1538 3615 1736 3688 laesus,
1767 3618 1870 3674 sed
1888 3636 2012 3694 qua
2037 3625 2326 3694 potestate
2347 3619 2610 3695 quadam
2636 3619 2912 3678 rectorali

504 3696 629 3754 sive
658 3693 961 3753 ordinaria
986 3693 1109 3752 sive
1134 3692 1612 3752 extraordinaria
1631 3695 1954 3756 instructus
1975 3719 1992 3768 ς
2035 3697 2103 3757 Si
2121 3715 2264 3771 ergo
2288 3696 2455 3756 Deus
2481 3697 2654 3776 punit
2673 3697 2770 3756 vel
2791 3717 2914 3774 poe-

504 3793 649 3832 nam
676 3772 840 3830 tollit
863 3779 935 3830 ut
971 3771 1185 3846 judex,
1234 3789 1355 3830 non
1381 3770 1527 3830 facit
1574 3780 1644 3844 ut
1686 3793 1824 3850 pars
1865 3775 2124 3848 offensa3
2170 3775 2426 3834 Interim
2452 3795 2576 3835 non
2623 3794 2912 3852 negamus

506 3853 707 3912 Deum
733 3851 839 3926 qui
864 3857 1108 3925 peccata
1131 3850 1309 3926 punit
1333 3851 1430 3907 vel
1458 3854 1860 3925 peccatoribus
1901 3856 2204 3913 condonat
2229 3862 2388 3916 recte
2424 3855 2540 3914 dici
2567 3862 2797 3931 partem
2823 3855 2913 3913 of-

503 3931 751 4001 fensam,
798 3929 943 4006 quia
967 3929 1041 3986 iis
1070 3929 1315 3990 omnino
1358 3929 1686 3989 offenditur
1731 3933 1926 4006 primo
1965 3939 2027 3992 et
2059 3951 2166 4008 per
2189 3950 2268 4004 se,
2299 3935 2400 3992 sed
2428 3933 2644 4009 punire
2671 3940 2780 3992 aut
2805 3933 2915 3991 im-

503 4009 788 4086 punitum
814 4008 1132 4080 dimittere,
1162 4007 1216 4064 ei
1233 4025 1357 4082 qua
1374 4025 1511 4082 pars
1536 4017 1628 4068 est
1655 4009 1882 4070 offensa
1900 4011 2083 4072 tribui
2098 4029 2385 4086 negamus
2407 4033 2424 4084 ;
2465 4012 2642 4088 punit
2667 4011 2910 4089 quidem

506 4087 779 4147 homines
806 4087 949 4164 quia
974 4086 1149 4145 loesus
1177 4095 1278 4156 est,
1308 4087 1411 4144 sed
1440 4104 1561 4144 non
1592 4108 1713 4164 qua
1739 4088 1925 4161 besue,
1955 4091 2061 4148 sed
2087 4107 2212 4164 qua
2236 4097 2446 4149 rector.

588 4165 881 4226 XXVII.
925 4165 1159 4230 Deinde
1186 4165 1301 4224 Jus
1316 4166 1598 4242 puniendi
1619 4166 1685 4224 in
1704 4173 1930 4226 rectore
1955 4174 2018 4226 et
2041 4167 2398 4243 magistratu
2423 4187 2548 4228 non
2575 4176 2665 4228 est
2687 4173 2791 4246 jus
2815 4171 2916 4230 ab·

502 4247 676 4307 soluti
719 4243 998 4317 Dominii,
1040 4251 1149 4304 aut
1170 4248 1273 4320 jus
1320 4245 1524 4306 crediti
1552 4245 1916 4320 simpliciter,
1942 4246 2010 4304 in
2047 4265 2169 4323 quo
2206 4248 2424 4323 cuique
2450 4249 2592 4307 licet
2616 4248 2810 4307 facere
2837 4249 2913 4306 de

506 4345 617 4385 suo
645 4326 811 4400 quod
840 4325 1113 4395 voluerit,
1161 4332 1233 4383 ut
1256 4324 1558 4399 pertendit
1598 4325 1990 4395 adversarius,
2027 4344 2168 4384 nam
2196 4325 2360 4386 istud
2388 4336 2801 4402 comparatum
2827 4332 2916 4385 est

508 4405 639 4478 ejus
688 4403 885 4476 gratia
930 4403 1033 4478 qui
1080 4403 1237 4463 illud
1286 4402 1552 4474 obtinet3
1579 4409 1659 4460 at
1689 4403 1797 4478 jus
1841 4403 2130 4478 puniendi
2173 4422 2298 4463 non
2344 4406 2650 4480 punientis
2675 4405 2915 4480 proprie

506 4497 692 4538 causa
716 4479 937 4551 existit,
968 4481 1071 4538 sed
1098 4499 1279 4538 causa
1324 4483 1511 4540 totius
1537 4481 2000 4554 communitatis,
2029 4489 2092 4541 et
2118 4483 2408 4555 quoniam
2428 4484 2650 4542 delicta
2674 4484 2913 4560 publice

506 4555 709 4634 puniri
762 4557 1023 4628 interest,
1066 4576 1243 4632 poena
1289 4559 1447 4616 enim
1476 4559 1670 4618 omnis
1711 4561 2084 4634 propositum
2112 4561 2294 4622 habet
2319 4579 2637 4620 commune
2665 4563 2912 4633 bonum,

510 4634 741 4694 ordinis
760 4633 1047 4691 nimirum
1072 4635 1583 4694 conservationem
1627 4644 1690 4694 et
1721 4637 2065 4712 exemplum
2089 4661 2104 4698 :
2147 4639 2254 4697 Ad
2280 4640 2408 4698 hoec
2434 4657 2750 4714 nunquam
2775 4659 2916 4700 cum
