3234 5192
514 324 627 382 108
1312 340 1393 381 ns
1420 340 1785 381 uscsssama
1814 340 2162 381 sacnssmxs
2579 320 2838 401 [msru'r.
2871 341 2927 381 v.

512 482 844 542 testimonia
870 479 1061 539 afferri
1110 479 1225 539 huc
1320 482 1646 557 ertinentia,
1697 502 1772 541 ex
1798 482 2060 541 Azorio
2033 504 2092 540 m
2137 483 2360 540 Institu.
2389 483 2630 555 Mor-al„
2661 482 2834 541 Avila
2861 486 2932 541 de

514 564 796 635 Cemaris,
828 564 1089 619 Beccano
1118 561 1177 619 in
1208 502 1607 621 C'AEitroversia
1654 563 1990 637 Anqlicana,
2047 563 2216 621 Clari
2239 563 2544 620 Bovarscii
2579 571 2681 620 aut
2699 562 2927 621 Scraeba-

509 644 595 701 m'i
616 644 1056 719 Amphitheatro,
1101 642 1475 716 J0.Osor1·o,
1523 644 1620 701 J0.
1665 642 1964 715 illm-tana,
2010 644 2221 700 Eman.
2267 643 2366 715 Sa,
2411 643 2756 715 Salmerone,
2813 643 2921 699 Va-

509 725 696 797 lentia,
727 732 785 781 et
814 722 943 779 aliis
972 741 1088 779 non
1116 721 1332 797 paucis,
1364 723 1463 799 qui
1509 722 1782 799 Papalem
1824 722 2214 780 monarchiam
2251 722 2543 780 mordicus
2591 720 2924 781 defendunt.

508 803 847 879 Stapletonis
877 801 1071 875 verba,
1104 802 1377 860 Controv.
1422 806 1477 872 3,
1518 802 1590 859 de
1640 802 1870 878 primar.
1901 800 2163 878 subjecto
2191 802 2494 880 potestatis
2524 801 2747 860 Eccles.
2777 821 2835 878 q.
2865 804 2921 860 5.

508 894 615 942 art.
648 888 703 957 2,
736 902 1012 958 expressa
1032 890 1205 940 sunt:
1252 884 1287 913 “
1308 881 1380 938 In
1408 901 1546 940 casu
1575 882 1798 957 peccati
1825 882 2102 957 mortalis,
2153 893 2213 941 et
2241 882 2492 939 maxime
2535 881 2790 955 haeresiS,
2821 900 2922 958 po·

506 964 811 1034 tissimum,
844 959 1074 1036 quando
1104 962 1163 1017 in
1192 960 1486 1037 publicum
1516 961 1769 1037 aliquod,
1801 970 1860 1019 et
1887 981 2162 1037 magnum
2207 961 2487 1020 Ecclesiae
2515 961 2922 1019 detrimentum

508 1044 717 1119 vergit,
766 1042 934 1099 Rom.
998 1039 1285 1113 Pontifex,
1318 1048 1592 1117 tanquam
1623 1061 1924 1117 supremus
1973 1041 2250 1099 Ecclesiae
2295 1050 2509 1118 pastor,
2540 1039 2615 1098 ad
2644 1040 2922 1099 Ecclesiae

508 1122 1021 1195 conservationem,
1054 1129 1111 1179 et
1118 1121 1339 1226 punire
1369 1121 1607 1197 quosvis
1629 1121 1915 1198 principes
1952 1130 2159 1199 potest,
2192 1130 2250 1181 et
2278 1122 2329 1180 si
2349 1121 2432 1179 rei
2458 1121 2772 1181 necessitas
2799 1119 2922 1179 exi-

507 1211 625 1279 gat,
659 1221 837 1277 regno
866 1200 1131 1277 privare!

589 1281 779 1340 XIX.
827 1281 1001 1359 Papae
1055 1288 1249 1339 autem
1289 1288 1633 1357 potestatem
1677 1287 1998 1357 competere
2047 1300 2214 1357 reges
2255 1278 2598 1357 deponendi,
2643 1280 2819 1337 variis
2847 1298 2924 1337 ex

508 1363 698 1420 causis
728 1368 980 1435 censent,
1012 1360 1214 1437 quales
1244 1370 1379 1419 sunt
1424 1362 1640 1419 crimen
1687 1362 1989 1433 haereseos,
2029 1360 2177 1418 Bell.
2209 1360 2281 1418 de
2312 1361 2384 1419 R.
2391 1361 2456 1419 P.
2485 1361 2587 1419 lib.
2617 1380 2675 1418 v.
2706 1380 2830 1437 cap.
2863 1362 2917 1434 7,

514 1443 709 1500 “Non
738 1442 875 1499 licet
898 1440 1241 1499 Christianis
1280 1440 1523 1499 tolerare
1553 1460 1750 1517 regem
1780 1439 2072 1497 infidelem
2093 1440 2190 1498 vel
2211 1440 2560 1515 haereticum,
2587 1440 2635 1497 si
2657 1440 2756 1498 ille
2785 1459 2918 1497 con-

508 1532 637 1581 etur
664 1522 993 1598 pertrahere
1023 1520 1287 1579 subditos
1310 1542 1325 1595 ;
1370 1529 1431 1578 at
1444 1520 1706 1597 judicare
1729 1539 1804 1577 an
1831 1520 2125 1595 pertrahat
2152 1518 2228 1577 ad
2255 1520 2535 1593 haeresim,
2567 1520 2816 1596 pertinet
2843 1517 2919 1576 ad

510 1600 908 1661 Pontificem.''
952 1600 1185 1657 Bannes
1215 1600 1275 1657 in
1324 1604 1379 1658 2.
1412 1604 1469 1658 2.
1499 1618 1555 1675 q.
1592 1604 1685 1658 12.
1717 1608 1822 1658 art.
1855 1604 1910 1657 2.
1943 1599 1997 1672 ξ.
2030 1600 2182 1657 circa
2207 1600 2312 1658 ult.
2343 1599 2546 1672 concl.,
2592 1598 2917 1657 “Ecclesia

506 1702 624 1739 non
652 1690 877 1739 tautum
905 1680 1098 1755 privat
1139 1679 1393 1738 dominio
1422 1679 1479 1735 in
1506 1679 1768 1737 subditos
1789 1679 2078 1756 principes
2106 1690 2398 1757 apostatas
2417 1680 2684 1756 perfecte,
2715 1696 2918 1737 verum

506 1761 657 1833 illos,
690 1762 789 1837 qui
820 1760 965 1835 lapsi
996 1766 1131 1817 sunt
1158 1759 1352 1835 aliquo
1382 1768 1549 1837 pacto
1588 1760 1650 1817 in
1693 1759 2010 1817 haeresim.'’
2055 1759 2387 1819 Tolerantia
2413 1758 2829 1831 haereticorum,
2861 1766 2920 1816 et

505 1840 865 1917 negligentia
884 1839 944 1896 in
962 1838 1473 1897 iisexscindendis
1497 1839 1712 1915 GregO.
1735 1838 1855 1897 IX.
1880 1838 2034 1898 decr.
2055 1839 2159 1898 lib.
2173 1860 2231 1896 v.
2255 1840 2344 1898 tit.
2363 1839 2462 1897 vii.
2477 1859 2601 1915 cap.
2626 1840 2717 1913 16,
2745 1838 2918 1896 “Ab-

508 1922 729 1980 solutos
759 1940 819 1977 se
849 1940 963 1977 nov
968 1920 1117 1977 erint
1144 1939 1179 1975 a
1207 1918 1403 1977 debito
1426 1919 1722 1977 fidelitatis
1751 1919 2006 1993 dominii,
2053 1929 2112 1978 et
2140 1918 2318 1978 totius
2365 1919 2646 1994 obsequii,
2677 1919 2916 1995 quicun-

509 2021 621 2078 que
651 2000 833 2077 lapsis
862 1999 1207 2056 manifeste
1194 2019 1252 2056 m
1280 1998 1544 2057 haeresim
1573 1999 1769 2075 aliquo
1797 2008 1967 2075 pacto
2016 2019 2358 2075 quacunque
2405 1998 2676 2057 firmitate
2705 1999 2922 2057 vallata

504 2080 849 2139 tenebantur
896 2077 1173 2137 adstricti.
1182 2078 1215 2104 ''
1304 2078 1460 2137 Ilinc
1504 2078 2117 2137 excommunicationis
2171 2079 2459 2138 contrahit
2523 2098 2768 2156 poenam,
2819 2077 2920 2153 qui

508 2180 639 2219 cum
670 2159 1167 2218 excommunicato
1197 2159 1597 2233 communicat,
1653 2160 1822 2217 CauS.
1872 2162 1964 2216 11.
1995 2178 2050 2235 q.
2083 2162 2138 2217 3.
2227 2162 2262 2192 “
2291 2158 2916 2217 Excommunicationis

508 2240 795 2300 contrahit
822 2258 1069 2317 poenam,
1101 2239 1199 2314 qui
1220 2239 1734 2297 excommunicatis
1773 2237 2215 2297 communicatl’
2262 2238 2688 2315 Raymundus
2673 2259 2732 2295 ιιι
2763 2257 2914 2296 sum·

505 2340 615 2396 ma,
647 2321 747 2378 lib.
781 2320 817 2377 i.
848 2320 935 2377 tit.
969 2318 1039 2376 de
1069 2318 1286 2376 haereti.
1318 2338 1363 2376 s.
1396 2318 1516 2392 vii„
1545 2318 1806 2379 “Judex
1853 2319 1946 2377 vel
1979 2326 2232 2395 potestas
2272 2318 2562 2391 secularis,
2595 2337 2710 2377 non
2729 2318 2912 2376 solum

503 2410 738 2477 propter
766 2398 1031 2457 haeresim
1062 2417 1240 2473 suam,
1269 2398 1371 2456 sed
1400 2399 1567 2457 etiam
1594 2409 1828 2475 propter
1849 2400 2260 2475 negligentiam
2295 2408 2495 2457 contra
2521 2398 2784 2457 haeresim
2814 2418 2915 2455 ex·

503 2480 847 2556 tirpandam‚
880 2486 1071 2554 potest
1112 2497 1225 2535 non
1270 2478 1455 2536 solum
1500 2478 1989 2537 excommunicari
2031 2479 2104 2537 ab
2149 2477 2430 2552 Ecclesia,
2477 2478 2576 2535 sed
2613 2478 2787 2537 etiam
2816 2476 2916 2536 de·

503 2560 659 2637 poni.
666 2560 699 2585 '¹
788 2559 914 2631 Quo
969 2558 1217 2635 pertinet
1246 2557 1538 2617 decretum
1570 2558 1812 2616 Concilii
1857 2558 2280 2631 LateranensiS,
2313 2559 2382 2617 ,52
2405 2559 2683 2617 Dominus
2712 2568 2915 2634 tempo-

502 2640 663 2711 ralis,
697 2636 804 2696 ὅτι).
836 2638 908 2695 de
931 2658 1046 2713 quo
1068 2638 1217 2697 thesi
1246 2638 2010 2715 praecedenti.1nutilitas,
2043 2638 2462 2713 insufficientia,
2493 2638 2746 2715 ignavia,
2779 2648 2918 2696 aetas

503 2718 579 2778 ad
608 2718 921 2795 regendum
953 2718 1164 2794 inepta,
1207 2718 1599 2811 prodigalitas,
1633 2726 1692 2776 et
1718 2718 1846 2776 aliae
1877 2718 1936 2777 id
1959 2738 2160 2793 genus,
2192 2738 2430 2795 quarum
2462 2718 2717 2795 cognitio
2735 2718 2811 2775 ad
2827 2737 2918 2775 so·

505 2800 625 2857 lum
658 2798 995 2857 Pontificem
1019 2798 1280 2874 pertinet,
1315 2798 1591 2856 Bannes
1575 2818 1636 2856 ιιι
1667 2801 1721 2855 2.
1755 2801 1809 2856 2.
1841 2818 1897 2875 q.
1932 2801 2026 2856 10.
2057 2800 2188 2857 Art.
2216 2801 2307 2856 10.
2340 2802 2395 2855 4.
2429 2798 2644 2872 Concl.,
2675 2797 2916 2871 “Quan-

506 2879 582 2939 do
611 2879 887 2939 utendum
929 2881 1004 2937 sit
1024 2879 1133 2936 hac
1181 2887 1482 2954 potestate,
1532 2878 1880 2955 relinquitur
1927 2878 2053 2954 ejus
2109 2877 2362 2936 dominio
2410 2878 2507 2935 vel
2547 2878 2828 2953 judicio‚”
2861 2884 2920 2937 et

510 2960 784 3019 Bellarm.
816 2959 917 3017 lib.
976 2978 1033 3015 v.
1064 2958 1136 3016 de
1179 2958 1249 3016 R.
1254 2959 1349 3065 η,Ρ
1381 2978 1505 3035 cap.
1537 2958 1658 3032 vii„
1709 2961 1742 2990 “
1765 2958 2063 3017 Pontificis
2105 2966 2194 3016 est
2234 2958 2514 3034 judicare,
2564 2978 2762 3034 regem
2791 2976 2916 3015 esse

506 3039 929 3116 deponendum,
975 3039 1072 3096 vel
1114 3040 1267 3097 non!
1274 3038 1453 3097 'Imo
1484 3046 1702 3097 tantam
1745 3058 1872 3096 csse
1904 3038 2030 3114 ejus
2071 3045 2413 3114 potestatem
2445 3038 2809 3114 pertendunt,
2854 3046 2919 3096 ut

510 3121 683 3179 etiam
715 3120 837 3177 sine
867 3118 1037 3195 culpa
1084 3118 1269 3195 possit
1316 3138 1497 3195 regna
1542 3117 1870 3177 transferre.
1915 3118 2124 3175 Bozius
2165 3117 2265 3175 lib.
2317 3116 2460 3174 xvii.
2491 3115 2563 3175 de
2593 3118 2778 3194 signis
2807 3117 2919 3175 Ec·

510 3200 769 3271 clesiae,‘
777 3197 882 3253 ‘In
912 3217 1027 3273 quo
1056 3197 1331 3255 elucescit
1358 3198 1670 3256 auctoritas
1700 3197 1894 3275 Papae,
1938 3198 2038 3274 qui
2067 3206 2258 3275 potest
2279 3197 2455 3273 justis
2484 3196 2556 3254 de
2585 3198 2793 3271 causis,
2825 3196 2922 3255 vel

517 3278 641 3337 sine
673 3296 879 3380 causa„
894 3276 968 3333 ab
998 3275 1171 3333 aliis'
1156 3296 1216 3333 ιιι
1245 3276 1455 3351 alios,
1430 3297 1567 3354 Jura
1592 3278 1864 3351 maxima,
1897 3277 2092 3354 qualia
2119 3284 2254 3335 sunt
2281 3275 2524 3354 imperii,
2555 3276 2788 3336 decreto
2817 3296 2922 3335 suo

513 3356 857 3416 transferre.’

600 3436 754 3493 XX.
803 3434 924 3493 Nec
968 3434 1163 3493 verbis
1208 3442 1429 3494 tantum
1462 3434 1589 3493 dira
1614 3437 1739 3495 haec
1769 3438 2031 3513 tyrannis
2081 3435 2300 3495 sancita
2336 3436 2462 3512 fuit,
2509 3434 2612 3495 sed
2639 3436 2923 3513 exemplis

516 3515 833 3575 innumeris
882 3514 1232 3574 confirmata.
1320 3515 1597 3577 Referunt
1628 3517 1906 3594 pontificii
1946 3518 2252 3594 scriptores
2297 3516 2370 3575 ad
2405 3524 2737 3594 perpetuam
2769 3516 2921 3575 Pon-

518 3597 691 3657 tificis
730 3596 819 3655 sui
848 3594 1109 3671 gloriam,
1163 3596 1510 3673 Gregorium
1542 3597 1626 3655 11.
1656 3607 1818 3675 parte
1867 3598 2094 3674 imperii
2140 3598 2447 3656 mulctasse
2496 3597 2749 3655 Leonem
2801 3597 2921 3655 111.

518 3678 956 3755 imperatorem;
1002 3676 1339 3734 Zachariam
1382 3675 1716 3753 deposuisse
1767 3677 2152 3736 Childericum
2209 3678 2561 3735 Francorum
2599 3696 2813 3753 regem,
2866 3685 2924 3735 et

525 3758 793 3835 Pipinum
823 3756 881 3813 in
910 3757 1037 3833 ejus
1064 3756 1255 3814 locum
1290 3756 1658 3817 substituisse
1683 3780 1697 3831 3
1743 3761 1992 3817 Leonem
2040 3756 2159 3814 ΙΙΙ.
2205 3757 2505 3833 imperium
2535 3777 2570 3815 a
2599 3756 2820 3816 Graecis
2849 3755 2924 3815 ad

522 3839 817 3896 Romanos
854 3836 1250 3909 transtulisse;
1298 3837 1642 3913 Gregorium
1679 3836 1826 3895 VII.
1873 3837 2191 3895 Henricum
2243 3836 2351 3894 IV.
2396 3837 2795 3913 imperatorem
2825 3836 2923 3894 de-

520 3918 799 3996 posuisse,
824 3916 1113 3992 aliumque
1134 3917 1271 3989 eligi
1295 3918 1539 3993 jussisse
1562 3939 1577 3993 ς
1610 3917 2012 3975 Innocentium
2035 3917 2172 3987 111„
2201 3916 2484 3985 Othonem
2507 3916 2637 3990 IV.,
2661 3926 2720 3975 et
2754 3918 2920 3975 Iuno-

520 3998 771 4058 centium
805 3996 913 4054 IV.
944 3996 1003 4053 in
1028 3996 1287 4055 Concilio
1318 3996 1696 4073 Lugdunensi
1727 3996 2097 4056 Fredericum
2139 3996 2242 4071 ΙΙ.,
2275 3996 2347 4054 ab
2379 3996 2642 4053 Honorio
2662 3997 2782 4055 111.
2823 4016 2923 4055 ex-

521 4078 1022 4147 communicatum,
1064 4076 1415 4152 deposuisse,
1442 4086 1505 4134 ut
1534 4085 1779 4135 testatur
1809 4077 2022 4135 Bellar.
2063 4076 2136 4133 de
2169 4076 2336 4133 Rom.
2383 4075 2596 4134 Pontis.
2626 4076 2666 4135 l.
2697 4096 2754 4135 v.
2786 4098 2834 4134 c.
2865 4078 2920 4133 8.

524 4159 739 4217 Notum
788 4157 960 4216 etiam
1010 4156 1153 4232 quid
1196 4157 1397 4214 Julius
1428 4157 1511 4215 ΙΙ.
1542 4156 1822 4214 adversus
1847 4156 2204 4213 Ludovicum
2255 4156 2410 4214 XII.
2451 4157 2778 4230 tentaverit,
2809 4175 2924 4233 quo

484 4312 491 4317 Ι
522 4248 691 4315 pacto
741 4237 795 4295 ei
837 4238 1135 4314 imperium
1180 4236 1490 4313 abrogarit,
1523 4246 1581 4294 et
1610 4236 1860 4295 Galliam
1907 4234 2211 4294 interdicto
2255 4236 2583 4313 subjecerit,
2609 4236 2702 4295 cui
2730 4246 2924 4295 tamen

520 4336 643 4387 rex,
701 4318 1041 4390 optimatum
1085 4316 1249 4393 regni
1278 4325 1338 4375 et
1368 4317 1784 4393 Episcoporum
1835 4316 2093 4387 consilio,
2125 4325 2356 4374 strenue
2403 4336 2463 4374 se
2493 4316 2776 4393 opposuit,
2809 4316 2925 4374 imo

526 4394 809 4471 superatis
839 4395 1090 4471 Alpibus
1119 4396 1193 4455 ad
1218 4396 1555 4454 Ravennam
1586 4395 1804 4454 delc‘vit
1832 4396 2028 4473 copias
2060 4396 2232 4472 Papae
2276 4396 2566 4472 jussitque
2597 4395 2730 4453 cudi
2759 4415 2921 4454 num-

528 4494 651 4531 mos
680 4492 900 4547 aureos,
932 4474 1033 4549 qui
1086 4477 1397 4534 etiamnum
1454 4476 1727 4534 videntur
1754 4496 1884 4535 cum
1915 4476 2024 4534 hoc
2052 4475 2243 4551 elogio
2289 4475 2348 4531 in
2403 4475 2641 4549 ambitu,
2679 4477 2776 4534 1³21
2779 4478 2922 4533 dam

528 4553 832 4627 Babylonis
874 4572 1087 4611 nomen.
1174 4556 1337 4614 Idem
1393 4555 1593 4615 Julius
1648 4556 1800 4614 circa
1853 4556 2006 4615 idem
2063 4565 2290 4631 tempus
2334 4575 2576 4631 regnum
2629 4555 2922 4628 Navarrae,

522 4634 567 4694 J
572 4631 783 4691 ohanm
815 4630 1135 4690 Albretano
1162 4635 1511 4711 ademptum,
1542 4635 1704 4694 dedit
1750 4634 2118 4695 Ferdinando
2169 4634 2421 4693 Castiliae
2467 4635 2608 4711 regi,
2667 4634 2764 4712 qui
2796 4654 2926 4711 reg-
