3234 5192
542 334 618 390 86
1315 352 1395 393 DE
1424 352 1784 392 NECESSARIA
1817 354 2163 393 SECESSIONE
2577 332 2836 415 [Dlsl’u'r.
2870 353 2952 393 lv·

538 500 672 550 ante
705 492 1066 551 Dominicam
1121 492 1405 569 passionis
1461 493 1809 569 cantillatur‚
1865 494 2088 571 probat,
2119 514 2176 571 p.
2208 497 2262 569 3,
2295 514 2350 570 q.
2410 496 2505 567 25,
2557 502 2662 552 art.
2694 498 2749 567 4,
2791 493 2951 569 quod

538 572 907 631 confirmatur
926 594 1001 631 ex
1012 573 1329 631 Breviariis
1340 582 1398 630 et
1414 574 1493 630 M
1487 574 1752 648 issalibtae,
1767 594 1896 650 quae
1916 574 2070 633 hunc
2084 574 2302 633 cultum
2313 574 2528 650 passim
2550 574 2946 651 praescribunt.

542 650 661 709 Ubi
690 673 807 711 non
834 652 1219 711 omittendum
1246 652 1403 729 quod
1423 652 1484 710 in
1512 673 1725 729 magno
1770 653 1864 711 die
1893 654 2139 712 Veneris
2193 654 2454 731 praestari
2483 655 2646 728 solet,
2672 652 2830 730 quod
2857 653 2945 710 in-

538 730 748 789 famem
766 733 915 791 hanc
934 738 1311 813 ιὶιιοιολατςωιι
1333 733 1648 791 clarissime
1679 733 2051 792 demonstrat.
2093 734 2246 791 Dum
2269 733 2556 807 sacerdos,
2588 753 2817 792 crucem
2845 752 2946 791 ve-

440 865 448 874 ,
539 809 718 869 latam
748 833 778 870 e
802 833 976 871 manu
998 812 1227 870 diaconi
1254 812 1558 888 accipisne,
1597 813 1952 889 eandemque
1973 813 2250 890 paulatim
2272 814 2566 889 detegens,
2609 814 2692 871 sic
2720 812 2944 883 effatur,

536 891 690 948 Ecce
732 893 943 967 liynum
972 892 1167 967 crucis,
1199 900 1257 949 et
1295 892 1469 949 choro
1498 892 1792 950 accinente
1849 901 1907 951 et
1935 892 2334 969 respondente,
2392 894 2580 951 Venite
2627 896 2944 967 adoremuS,

538 970 841 1029 confestim
869 979 1155 1047 quotquot
1182 971 1263 1028 ibi
1290 970 1503 1029 adsunt
1538 971 1599 1028 in
1629 991 1820 1047 genua
1865 981 2320 1049 prosternuntur,
2353 974 2536 1031 donec
2563 973 2734 1049 plane
2763 972 2943 1030 denu-

537 1049 674 1109 data
700 1060 759 1109 et
790 1051 864 1109 ad
894 1052 1087 1109 locum
1116 1059 1335 1108 certum
1364 1070 1542 1127 prope
1569 1051 1752 1109 altare
1795 1052 2003 1127 delata,
2053 1052 2321 1111 sacerdos
2350 1072 2480 1110 cum
2525 1052 2748 1128 reliqua
2775 1052 2945 1110 turba

534 1130 753 1206 populi,
768 1131 919 1205 flexi
937 1132 1197 1206 qenubuS,
1231 1130 1383 1187 tm'na
1410 1131 1524 1188 vice
1551 1134 1802 1189 adorant
1841 1153 2074 1205 crucem,
2128 1140 2192 1190 ut
2216 1132 2474 1208 loquitur
2501 1133 2757 1191 Missale.
2817 1132 2944 1189 Me-

536 1210 833 1268 morabilis
861 1219 951 1268 est
998 1210 1353 1267 consecratio
1401 1210 1673 1286 imaginis
1729 1211 1800 1269 B.
1831 1211 2095 1289 Virginis
2123 1212 2182 1268 in
2223 1212 2620 1270 Caeremoniali
2644 1212 2832 1283 Rom„
2863 1211 2945 1269 ita

536 1308 765 1364 sonans,
814 1293 849 1323 “
876 1289 1200 1365 Sanctifica,
1254 1290 1427 1364 Deus,
1484 1290 1634 1348 hanc
1681 1290 1985 1349 formulam
2015 1292 2085 1349 B.
2116 1291 2395 1367 Virginis,
2442 1300 2508 1350 ut
2536 1292 2650 1350 tuis
2677 1290 2946 1349 fidelibus

535 1369 801 1429 salutaris
830 1370 1034 1429 auxilii
1057 1389 1223 1446 opem
1252 1369 1413 1444 ferat,
1462 1370 1718 1429 tonitrua
1743 1379 1846 1429 aut
1893 1370 2152 1445 fulmina,
2186 1372 2236 1429 si
2283 1371 2648 1446 invaluerint,
2679 1370 2944 1429 nocentia

532 1449 777 1509 celerius
805 1450 1189 1527 expellantur,
1239 1450 1567 1526 pluviarum
1611 1470 1841 1527 quoque
1879 1451 2195 1526 inundatiO,
2227 1459 2328 1509 aut
2375 1452 2631 1509 civilium
2661 1450 2943 1509 bellorum

530 1531 853 1605 commoti0,
888 1550 989 1588 seu
1020 1529 1383 1605 Paganorum
1405 1528 1746 1605 devastatio,
1778 1529 1853 1587 ad
1873 1531 2237 1607 praesentiam
2283 1532 2408 1608 ejus
2437 1530 2942 1606 comprimantur.''

532 1609 754 1667 Eadem
782 1619 872 1668 est
908 1609 1055 1667 ratio
1077 1608 1523 1667 consecrationis
1550 1610 1706 1684 Aqui
1729 1611 1859 1684 Dei,
1889 1631 2019 1687 quoe
2047 1610 2261 1669 ibidem
2289 1610 2516 1686 legitur,
2552 1613 2586 1643 “
2610 1609 2772 1667 Sicut
2814 1609 2941 1685 Ag-

530 1708 641 1745 nus
670 1689 945 1746 innocens
966 1689 1009 1746 J
1013 1708 1144 1745 esus
1168 1688 1447 1760 Christus,
1462 1688 1523 1745 in
1550 1709 1651 1746 ara
1668 1690 1853 1747 crucis
1881 1690 2227 1764 immolatus-1,
2251 1691 2665 1767 protoplastum
2682 1696 2944 1747 nostrum

530 1767 603 1825 de
626 1768 913 1826 diabolica
939 1775 1223 1843 potestate
1258 1768 1481 1845 eripuit,
1516 1768 1597 1826 sic
1618 1769 1716 1826 isti
1738 1769 1899 1846 Agni
1925 1769 2279 1829 immaculati
2307 1769 2576 1828 virtutem
2602 1770 2770 1827 istam
2791 1767 2941 1827 acci-

528 1848 707 1924 piant,
738 1867 885 1923 qnos
912 1846 1332 1905 consecrandos
1380 1846 1674 1905 offerimus
1717 1848 1779 1905 in
1827 1858 2139 1926 conspectu
2183 1850 2396 1907 divinae
2421 1849 2768 1926 MajestatiS.
2851 1847 2943 1905 Tu

530 1929 615 1985 eis
643 1927 999 2002 benedicere,
1032 1926 1383 1984 sanctificare
1413 1935 1472 1985 et
1494 1947 1828 1986 consecrare
1852 1928 2124 2005 digneris,
2145 1938 2210 1987 ut
2237 1939 2338 1987 tua
2357 1930 2522 2005 larga
2541 1928 2942 1986 benedictione

531 2008 873 2066 sanctificati
902 2007 1143 2065 eandem
1174 2006 1447 2064 virtutem
1474 2008 1779 2084 accipiant,
1833 2017 2034 2067 contra
2066 2029 2265 2067 omnes
2279 2008 2610 2087 ‚diabolicas
2638 2008 2940 2082 versutias,

530 2097 589 2147 et
618 2088 847 2146 fraudes
875 2086 1117 2163 maligni
1140 2086 1403 2162 Spiritus,
1435 2096 1501 2145 ut
1527 2087 1659 2145 illas
1700 2087 1910 2146 devote
1953 2108 2124 2165 super
2165 2108 2225 2146 se
2253 2088 2568 2147 ferentibus
2611 2088 2772 2146 nulla
2798 2096 2941 2146 tem-

530 2178 725 2245 pestas
754 2168 972 2225 eisdem
1000 2166 1327 2243 praevaleat,
1358 2166 1519 2225 nulla
1546 2168 1867 2243 adversitas
1907 2168 2247 2243 dominetur,
2290 2168 2451 2226 nulla
2477 2168 2622 2225 acris
2649 2167 2942 2245 pestilens,

528 2249 690 2307 nulla
717 2248 866 2306 aeris
895 2247 1201 2323 corruptiO,
1234 2246 1428 2305 nullus
1454 2247 1690 2306 morbus
1719 2248 1987 2321 caducae,
2018 2248 2180 2306 nulla
2205 2248 2380 2306 maris
2406 2248 2675 2324 procella,
2719 2248 2942 2306 nullum

528 2328 873 2403 incendium,
932 2346 1118 2403 neque
1174 2326 1293 2383 ulla
1343 2325 1617 2402 iniquitas
1660 2327 2026 2386 dominentur
2066 2328 2196 2403 iis,'’
2255 2326 2363 2386 8oe.
2447 2327 2568 2385 Nec
2633 2328 2943 2385 obscurum

526 2418 631 2482 est,
664 2408 843 2484 vulgo
898 2416 1174 2483 tanquam
1228 2406 1742 2483 praesentissimum
1793 2407 2075 2466 adversus
2101 2408 2266 2466 varia
2291 2408 2445 2466 mala
2471 2406 2787 2465 remedium
2843 2426 2942 2465 eos

572 2487 764 2546 estari.

529 2509 570 2565 g
612 2566 799 2625 XIX.
844 2566 1123 2641 Quamvis
1170 2586 1309 2625 vero
1364 2566 1670 2644 multiplex
1726 2567 1801 2625 sit
1848 2566 2143 2627 dissensus
2191 2568 2343 2627 inter
2387 2567 2649 2625 doctores
2677 2565 2750 2625 de
2777 2568 2943 2624 modo

526 2647 878 2707 adorationis
906 2656 961 2704 et
986 2649 1162 2704 culms
1189 2647 1509 2723 imaqinum,
1557 2656 1615 2705 et
1665 2647 1901 2705 Babelis
1938 2648 2105 2707 istius
2133 2649 2394 2724 mysticae
2422 2647 2664 2724 operarii
2695 2645 2942 2703 diversis

524 2728 713 2805 magis
739 2726 956 2803 linguis
984 2728 1310 2803 loquantur,
1352 2745 1524 2802 quam
1571 2727 1774 2804 priscae
1815 2727 2052 2789 Babelis
2097 2728 2489 2802 aedificatoreS,
2533 2745 2776 2801 quorum
2821 2724 2936 2783 dis-

524 2808 672 2867 sidia
699 2816 958 2866 nostrum
981 2826 1097 2865 non
1125 2815 1214 2863 est
1240 2826 1394 2864 nunc
1422 2805 1632 2865 referre
1661 2807 1756 2865 vel
1778 2807 2120 2884 expendere,
2151 2807 2290 2865 dum
2307 2808 2408 2865 alii
2427 2806 2632 2865 volunt
2660 2805 2941 2881 imagines

524 2888 747 2947 adorari
778 2906 880 2964 per
908 2906 968 2945 se
1017 2895 1075 2945 et
1118 2885 1363 2963 proprie,
1394 2896 1459 2944 ut
1504 2886 1811 2945 terminent
1857 2888 2038 2963 ipsam
2087 2888 2517 2961 adorationem3
2561 2886 2660 2943 alii
2715 2893 2938 2944 tantum

522 2968 821 3045 analogice
850 2976 909 3025 et
936 2966 1231 3026 reductive
1262 2966 1336 3024 ob
1366 2965 1662 3043 exemplar
1679 2976 1736 3025 et
1757 2976 2164 3043 prototypum3
2190 2967 2287 3025 alii
2305 2966 2531 3025 adorari
2559 2965 2720 3024 cultu
2747 2964 2936 3022 diver-

522 3069 603 3123 εο,
636 3057 693 3107 et
748 3046 1001 3105 inferiori
1042 3067 1077 3103 a
1118 3045 1279 3104 cultu
1309 3045 1646 3123 Prototypi3
1691 3046 1792 3103 alii
1835 3046 2053 3121 eodem,
2087 3056 2152 3104 ut
2180 3046 2478 3105 Trinitatis
2516 3046 2750 3122 quidem
2793 3044 2934 3102 ima-

523 3129 689 3203 gines
715 3127 901 3199 latria,
938 3127 1277 3184 Sanctorum
1308 3125 1481 3201 dulia,
1516 3126 1587 3185 B.
1611 3126 1877 3202 Virginis
1905 3126 2248 3203 hyperdulia
2276 3128 2554 3199 colantur,
2586 3143 2714 3200 quae
2742 3144 2936 3200 recep-

521 3208 747 3265 tissima
774 3214 864 3262 est
892 3204 1046 3279 apud
1074 3204 1434 3263 adversarios
1482 3206 1786 3277 sententia,
1815 3226 1919 3282 pro
1948 3226 2064 3282 qua
2103 3207 2504 3280 Bellen-minus,
2536 3205 2635 3263 lib.
2666 3204 2725 3261 ii.
2757 3224 2807 3262 c.
2838 3206 2935 3279 20,

523 3286 663 3343 citat
689 3292 869 3342 totam
899 3281 1015 3341 fere
1049 3282 1533 3341 scholasticorum
1580 3285 1874 3358 familiam,
1905 3286 2318 3361 Alexandrum,
2369 3288 2655 3359 Thomam,
2711 3284 2936 3357 Gajeta-

522 3386 673 3437 num,
706 3366 1184 3437 Bonaventuram,
1215 3364 1559 3437 bsai-silium,
1604 3366 1962 3440 Almaynum,
1998 3365 2455 3439 Cartltusianum‚
2491 3365 2849 3438 Capreolum,
2880 3372 2939 3422 et

522 3444 668 3501 alios
716 3442 948 3519 plures;
993 3451 1213 3500 certum
1258 3450 1347 3499 est
1389 3449 1582 3500 tamen
1633 3444 1692 3500 in
1736 3464 1804 3503 eo
1833 3465 2031 3504 omnes
2080 3446 2405 3519 convenire,
2446 3444 2602 3520 quod
2631 3442 2938 3500 adorandis

522 3524 639 3583 sint
682 3522 982 3597 imagines,
1027 3530 1085 3581 et
1128 3521 1239 3579 hoc
1288 3521 1495 3598 ipsum,
1528 3522 1576 3580 si
1613 3524 1760 3581 nihil
1807 3525 1968 3583 aliud
2021 3526 2333 3599 evinceret,
2365 3522 2702 3601 quotidiana
2741 3522 2940 3598 praxis

518 3603 673 3681 apud
702 3602 859 3680 ipsos
887 3611 1116 3679 recepta
1144 3601 1282 3659 satis
1310 3601 1726 3679 comprobaret.
1809 3604 1951 3679 Quis
1979 3606 2131 3663 enim
2159 3605 2344 3664 nescit
2372 3604 2590 3663 cultum
2619 3612 2676 3661 et
2701 3622 2937 3661 venera-

520 3686 753 3760 tionem,
786 3702 915 3759 quae
945 3683 1061 3740 illis
1088 3682 1301 3759 passim
1330 3682 1655 3759 exhibetur,
1699 3683 1838 3742 dum
1867 3685 2114 3762 populus
2157 3704 2349 3743 coram
2399 3682 2749 3760 imaginibus
2803 3701 2933 3758 pro-

520 3764 738 3823 cumbit
788 3762 1212 3837 adm-abundus,
1260 3762 1398 3821 dum
1441 3763 1676 3821 easdem
1731 3766 2038 3838 osculatur,
2069 3764 2156 3822 illi
2197 3766 2369 3823 thura
2397 3764 2606 3837 adolet,
2639 3772 2697 3821 et
2723 3761 2940 3837 templa

520 3845 707 3921 erigit,
739 3843 870 3901 illas
900 3842 1143 3901 solemni
1184 3851 1243 3900 et
1270 3842 1541 3919 religiosa
1581 3844 2011 3919 processionum
2052 3864 2264 3921 pompa
2291 3842 2654 3903 circumferre
2683 3842 2847 3916 solet,
2879 3848 2938 3900 et

518 3944 709 3984 coram
739 3924 811 3981 iis
838 3923 1189 3981 circumlatis
1218 3921 1276 3979 in
1306 3942 1497 3998 genua
1524 3923 1820 3981 subsidere
1837 3926 1865 3982 Ρ

601 4004 755 4062 XX.
802 4003 901 4061 Ad
949 4005 1102 4062 hunc
1152 4021 1401 4060 errorem
1434 4002 1824 4079 jugulandum
1874 4012 2111 4081 possent
2159 4002 2348 4061 afferri
2377 4002 2571 4059 omnia
2610 4000 2712 4058 illa
2746 3999 2934 4076 Scrip-

518 4094 661 4143 turae
688 4084 833 4158 loca,
866 4104 1011 4160 quae,
1044 4083 1105 4139 in
1132 4081 1430 4157 religionis
1458 4083 1711 4158 negoti0,
1745 4090 1945 4141 vetant
1981 4082 2266 4159 imagines
2316 4101 2433 4139 non
2475 4080 2647 4140 modo
2676 4078 2934 4154 adorare,

517 4164 619 4222 sed
639 4174 697 4222 et
714 4162 899 4221 facere
919 4172 975 4221 et
996 4163 1226 4221 habere.
1276 4159 1391 4219 Sed
1414 4161 1537 4219 sola
1558 4161 1670 4219 Dei
1688 4162 1784 4219 lex
1805 4162 1973 4221 nobis
1995 4172 2084 4221 est
2105 4164 2286 4221 instar
2309 4161 2580 4235 omnium,
2606 4180 2734 4236 quae
2759 4158 2938 4216 diser-

516 4244 736 4301 tissime
780 4243 1037 4319 loquitur
1082 4250 1369 4318 praecepto
1406 4241 1675 4314 sccundO,
1703 4241 1892 4299 Exod.
1908 4261 2008 4300 xx.
2035 4246 2090 4315 4,
2126 4248 2161 4275 ‘⁶
2185 4243 2239 4299 N
2242 4262 2316 4301 on
2339 4242 2514 4299 facies
2537 4240 2644 4299 tibi
2671 4238 2941 4314 sculptile

516 4342 703 4397 neque
726 4322 903 4379 ullam
933 4320 1367 4380 similitudinem
1396 4340 1591 4378 eorum
1620 4340 1751 4397 quae
1775 4321 1984 4379 suntin
2014 4321 2160 4379 coelo
2183 4322 2446 4399 desuper,
2473 4330 2530 4379 et
2547 4340 2676 4397 quae
2705 4319 2764 4376 in
2787 4327 2944 4376 terra

514 4402 800 4475 deorsum,
816 4411 873 4458 et
884 4422 1011 4477 quae
1028 4402 1088 4459 in
1109 4400 1275 4477 aquis
1298 4399 1405 4458 sub
1428 4408 1593 4475 terra,
1612 4420 1726 4456 non
1745 4400 2011 4466 adorabis
2029 4421 2113 4473 ea,
2128 4421 2315 4477 neque
2333 4401 2542 4471 coles,’'
2558 4396 2940 4473 cuirespond·

516 4490 615 4538 ent
642 4480 837 4549 verba,
865 4481 1052 4539 Levit.
1076 4480 1239 4537 xxvi.
1270 4483 1321 4553 1,
1358 4482 1392 4513 “
1414 4480 1543 4538 Non
1561 4480 1784 4537 facietis
1803 4481 1970 4539 vobis
1991 4481 2210 4539 idolum
2231 4502 2419 4558 neque
2442 4477 2725 4555 sculptile,
2751 4497 2942 4553 neque

514 4560 685 4617 vobis
707 4559 942 4635 erigetis
964 4568 1229 4633 statuam,
1256 4559 1351 4617 vel
1372 4558 1624 4636 lapidem
1645 4559 1956 4637 figuratum
1980 4560 2040 4618 in
2059 4571 2212 4619 terra
2238 4568 2540 4634 vestra‚·ut
2561 4557 2940 4636 prosternatis

513 4660 621 4699 vos
645 4650 776 4697 ante
806 4640 996 4696 eum.”
1084 4638 1202 4697 Ubi
1231 4638 1449 4697 clarum
1478 4648 1567 4698 est
1596 4659 1881 4697 summum
1911 4639 2346 4717 Legislatorem,
2367 4640 2542 4717 quiin
2565 4638 2750 4715 primo
2779 4656 2941 4694 man-
