3234 5192
513 327 632 385 314
1207 346 1284 387 nr.
1313 346 1570 400 armiro,
1601 348 1786 401 Anus,
1820 350 1893 389 ετ
1921 350 2238 391 sanemus.
2544 332 2808 411 [msru‘r.
2840 351 2923 391 vi.

592 486 748 547 XX.
793 486 930 547 Hoc
953 508 1095 548 vero
1123 488 1233 549 sub
1260 489 1466 549 Veteri
1493 490 1865 550 Testamento
1884 492 2009 569 jam
2038 491 2439 551 adumbratum
2462 489 2649 551 filerat
2676 492 2925 552 clarissi-

510 585 603 625 me
625 566 852 627 duobus
901 569 1198 647 symbolis,
1245 569 1456 647 quibus
1499 570 1789 647 pleraeque
1836 572 2191 631 caeremoniae
2240 571 2597 645 constabant,
2628 579 2689 629 et
2715 572 2929 649 quibus

511 646 922 708 absolvebatur
957 650 1256 709 hominum
1301 655 1622 730 κωμικὰς,
1655 652 1831 727 Aqua
1878 650 2101 712 scilicet
2146 659 2209 711 et
2236 650 2564 729 Sanguine;
2608 650 2745 710 licet
2772 652 2927 711 enim

509 728 706 806 plures
733 737 927 789 essent
953 750 1146 788 earum
1179 731 1415 807 species,
1439 740 1633 789 tamen
1662 730 1771 788 sub
1796 731 1889 791 his
1930 730 2157 791 duabus
2183 740 2307 791 tota
2332 731 2655 791 sanctitatis
2674 740 2733 791 et
2752 731 2925 809 justi-

512 809 610 867 tiae
637 808 784 867 ratio
813 810 1212 871 continebatur
1234 833 1249 887 ;
1281 828 1432 886 aqua
1457 810 1842 869 abluebantur
1868 811 2084 886 sordes,
2114 820 2183 871 ut
2226 811 2457 871 nonnisi
2484 810 2615 889 puri
2642 820 2701 871 et
2726 812 2929 871 mundi

511 888 775 951 homines
803 889 878 947 ad
911 890 1096 948 Deum
1119 889 1491 966 accederent3
1535 890 1597 947 in
1626 890 1907 967 sanguine
1934 910 2075 951 vero
2102 898 2226 951 erat
2253 892 2507 969 expiatio
2536 900 2595 951 et
2628 892 2925 951 reconcili-

511 968 722 1027 ationis
750 988 882 1027 cum
911 970 1040 1029 Deo
1065 971 1298 1049 pignus.
1381 970 1681 1047 Praecipue
1708 990 1847 1029 vero
1896 971 2117 1030 Paulus
2144 970 2315 1031 docet
2340 972 2666 1049 pactionem
2697 971 2928 1031 Veteris

516 1047 780 1106 Foederis
797 1047 974 1107 fuisse
995 1050 1056 1107 in
1075 1049 1356 1127 sanguine
1373 1056 1434 1109 et
1453 1070 1620 1129 aqua,
1654 1050 1809 1109 Heb.
1828 1050 1911 1109 ix.
1938 1053 2031 1127 19,
2066 1055 2101 1085 “
2125 1051 2325 1111 Moses
2342 1053 2565 1130 accepit
2587 1052 2927 1130 sanguinem

512 1126 828 1187 vitulorum
857 1135 916 1187 et
943 1129 1246 1189 hoedorum
1274 1149 1406 1189 cum
1433 1150 1586 1209 aqua
1605 1132 1663 1207 ;’'
1706 1130 1845 1191 licet
1870 1130 2024 1189 enim
2045 1131 2201 1210 apud
2230 1132 2455 1191 Mosem
2474 1132 2535 1191 in
2558 1133 2801 1191 solemni
2825 1132 2931 1191 illa

511 1206 746 1267 foederis
773 1210 1038 1287 pactione
1065 1208 1141 1269 ad
1168 1229 1342 1287 quam
1366 1209 1689 1288 Apostolus
1706 1210 1957 1288 respicit,
1989 1231 2119 1289 quae
2148 1212 2507 1288 describitur,
2540 1212 2731 1271 Exod.
2760 1212 2925 1272 xxiv.

512 1292 567 1363 7,
599 1290 655 1365 8,
685 1288 847 1348 nulla
873 1288 1026 1349 facta
1053 1291 1130 1350 sit
1155 1291 1371 1351 mentio
1399 1310 1474 1350 ex
1517 1310 1677 1349 ressa
1702 1310 1885 1368 aquae,
1932 1293 2121 1369 potuit
2162 1300 2359 1351 tamen
2408 1292 2626 1352 Paulus
2652 1292 2801 1351 illud
2826 1292 2921 1350 ha-

507 1368 662 1445 bere,
686 1369 785 1429 vel
811 1390 888 1429 ex
915 1370 1241 1447 traditione,
1271 1390 1442 1449 quam
1475 1311 1725 1448 ἕρίτίῐιιε
1758 1371 2003 1431 Sanctus
2030 1371 2283 1430 iudendo
2310 1372 2469 1431 illius
2496 1373 2689 1431 animo
2718 1372 2927 1431 sancti·

507 1447 708 1510 ficavit
735 1458 796 1509 et
821 1460 988 1510 extra
1017 1452 1256 1510 dubium
1305 1451 1631 1526 collocavit,
1677 1450 1776 1509 vel
1823 1451 2096 1527 colligere
2146 1470 2223 1509 ex
2270 1452 2555 1527 analogia,
2604 1452 2741 1529 quia
2787 1451 2929 1510 alibi

509 1529 750 1606 sanguis
777 1550 908 1589 cum
936 1550 1088 1607 aqua
1115 1530 1590 1607 conjungebatur,
1622 1537 1689 1589 ut
1714 1531 1775 1587 in
1804 1530 2099 1588 curatione
2126 1530 2341 1607 leprosi
2358 1530 2597 1605 sanguis
2616 1531 2745 1588 avis
2770 1548 2925 1587 mac-

509 1616 648 1667 tatae
676 1628 808 1666 cum
835 1627 987 1685 aqua
1011 1610 1377 1683 miscebatur,
1411 1609 1601 1667 Levit.
1624 1609 1747 1666 xiv.
1778 1610 1832 1683 6,
1866 1611 1963 1666 51.
2011 1608 2097 1667 Ut
2122 1628 2261 1686 ergo
2288 1617 2459 1666 vetus
2478 1608 2667 1667 foedus
2694 1616 2925 1684 pactum

511 1686 622 1745 fuit
651 1688 930 1764 sanguine
957 1696 1017 1747 et
1043 1708 1228 1765 aqua;
1271 1688 1459 1746 voluit
1485 1688 1701 1764 pariter
1736 1706 1969 1762 novum,
2001 1687 2159 1763 quod
2184 1694 2274 1746 est
2300 1686 2599 1764 antitypus
2626 1695 2686 1745 et
2710 1688 2928 1746 veritas

509 1766 740 1842 veteris,
773 1768 1054 1844 sanguine
1081 1777 1142 1827 et
1167 1788 1318 1845 aqua
1345 1767 1616 1841 dedicari,
1646 1774 1711 1825 ut
1737 1766 1823 1825 ita
1842 1774 2129 1825 constaret
2144 1766 2206 1823 in
2224 1766 2453 1825 Christo
2482 1766 2606 1825 solo
2624 1767 2927 1825 veritatem

511 1855 570 1906 et
598 1846 1078 1924 complementum
1116 1848 1369 1907 omnium
1417 1845 1733 1923 figurarum
1781 1845 2057 1922 legalium
2102 1854 2161 1905 et
2203 1846 2387 1923 ipsius
2435 1847 2649 1906 veteris
2696 1845 2931 1905 foederis

509 1926 861 2002 deprehendi
884 1947 897 1986 z
943 1928 1140 2005 Atque
1167 1926 1299 1985 ideo
1327 1946 1527 1985 verum
1555 1944 1685 1985 esse
1704 1925 1979 1985 Messiam
1998 1925 2343 2003 promissum
2362 1926 2623 2004 patribus
2644 1936 2702 1986 et
2720 1946 2927 2005 expec-

509 2013 696 2065 tatum
743 2027 780 2065 a
820 2006 1108 2082 fidelibus,
1159 2006 1260 2084 qui
1303 2004 1722 2084 plenitudinem
1750 2006 1925 2065 habet
1952 2006 2155 2083 gratiae
2184 2015 2243 2066 et
2286 2005 2521 2066 virtutis
2563 2005 2640 2064 ad
2684 2006 2929 2066 salutem

512 2086 828 2163 hominum,
858 2096 919 2146 et
945 2088 1046 2166 qui
1074 2086 1274 2161 solide,
1306 2094 1366 2145 et
1391 2106 1528 2145 vere
1545 2086 1831 2163 praestitit,
1860 2104 1993 2163 quae
2019 2086 2096 2144 ad
2114 2086 2588 2164 justificationem
2616 2094 2677 2145 et
2706 2086 2929 2145 Sancti·

509 2166 837 2226 ficationem
863 2177 1120 2227 nostram
1146 2166 1528 2244 pertinebant,
1561 2174 1620 2225 et
1648 2185 1779 2243 quae
1806 2164 2063 2225 externis
2104 2166 2387 2243 symbolis
2415 2165 2843 2225 absolutionum
2870 2176 2931 2226 et

513 2247 904 2324 expiationum
927 2247 1204 2323 legalium
1231 2254 1456 2307 tantum
1485 2254 1651 2305 erant
1674 2245 2034 2305 adumbrata.

597 2327 786 2387 XXI.
832 2326 1028 2404 Atque
1057 2347 1126 2386 eo
1153 2326 1356 2404 procul
1381 2326 1560 2387 dubio
1579 2326 1905 2404 respexisse
1933 2326 2280 2386 arbitramur
2312 2326 2743 2387 memorabilem
2770 2326 2930 2385 illam

513 2408 799 2484 passionis
829 2406 1043 2465 Christi
1071 2407 1577 2481 circumstantiam,
1606 2407 1669 2463 in
1717 2426 1834 2483 qua
1880 2405 2053 2465 refert
2101 2406 2144 2465 J
2146 2426 2363 2465 oannes
2403 2426 2478 2465 ex
2505 2406 2685 2465 latere
2715 2405 2929 2466 Christi

514 2485 772 2563 perfosso
814 2486 1108 2547 effluxisse
1157 2488 1499 2565 sanguinem
1547 2494 1607 2546 et
1655 2506 1881 2563 aquam,
1932 2486 1977 2547 J
1980 2485 2073 2545 oh.
2104 2486 2229 2544 xix.
2260 2489 2338 2546 34
2362 2508 2377 2561 3
2427 2486 2565 2545 licet
2613 2486 2765 2545 enim
2814 2506 2929 2544 non

513 2566 810 2626 insolitum
839 2567 1008 2645 plane
1035 2575 1095 2626 et
1120 2576 1330 2645 praeter
1355 2576 1576 2626 naturae
1603 2564 1864 2625 ordinem
1905 2564 2092 2625 videri
2138 2565 2251 2625 hoc
2294 2566 2519 2641 debeat,
2549 2586 2680 2626 cum
2709 2574 2933 2626 constet

512 2646 575 2703 in
603 2648 938 2707 membrana
963 2647 1296 2725 praecordiis
1323 2648 1519 2707 vicina
1545 2666 1649 2706 seu
1676 2645 1995 2723 pericardio
2024 2665 2232 2725 aquam
2260 2647 2558 2723 contineri,
2588 2666 2705 2725 qua
2722 2647 2931 2723 ingens

512 2726 706 2787 cordis
733 2735 910 2788 aestus
934 2727 1320 2805 refrigeretur,
1351 2748 1480 2805 quae
1509 2747 1642 2786 cum
1670 2726 1953 2804 sanguine
1970 2746 2044 2785 ex
2062 2726 2235 2786 corde
2252 2726 2517 2787 confosso
2534 2726 2694 2787 exire
2714 2726 2930 2804 potuit;

513 2814 708 2866 tamen
736 2808 1080 2886 mysterium
1107 2808 1298 2885 sapuit
1317 2808 1512 2886 potius
1537 2808 1651 2866 hoc
1678 2805 1989 2883 effluvium,
2020 2826 2194 2885 quam
2222 2814 2503 2883 naturam,
2534 2814 2595 2865 et
2622 2808 2672 2865 si
2699 2814 2931 2884 praeter·

511 2888 774 2948 naturale
795 2888 938 2966 quid
954 2888 1016 2947 in
1033 2908 1102 2947 eo
1117 2908 1236 2947 non
1252 2886 1456 2947 fuisset
1475 2896 1534 2947 et
1549 2887 1975 2961 miraculosum,
1990 2887 2093 2945 vix
2110 2886 2385 2945 credibile
2406 2896 2495 2946 est
2515 2887 2933 2964 evangelistam

513 2968 864 3045 triplicatam
889 2968 1051 3028 illam
1087 2969 1574 3029 asseverationem
1602 2967 1677 3026 de
1704 2967 1949 3027 veritate
1996 2967 2081 3025 rei
2128 2966 2401 3025 adhibere
2449 2966 2721 3041 voluisse,
2752 2975 2812 3025 et
2838 2966 2939 3043 qui

511 3050 654 3107 vidit
679 3058 912 3109 testatur
931 3072 950 3108 .·
990 3049 1184 3128 liquor
1209 3049 1364 3111 enim
1411 3048 1510 3107 ille
1548 3046 1854 3126 pericardii
1902 3066 2009 3106 nec
2050 3046 2259 3121 colore,
2289 3047 2389 3124 qui
2438 3045 2626 3106 flavus
2654 3055 2780 3123 est;
2826 3066 2934 3106 nec

515 3148 718 3205 sapore
740 3130 840 3205 qui
861 3149 1106 3203 amarus,
1138 3148 1346 3206 aquam
1363 3128 1540 3188 refert
1557 3150 1571 3205 ;
1620 3127 1752 3185 Hoc
1768 3146 1907 3187 vero
1926 3127 2008 3186 ita
2028 3126 2341 3203 contigisse
2358 3126 2433 3185 ad
2450 3127 2935 3204 comprobandam

517 3206 732 3265 Christi
759 3216 1003 3266 mortem
1031 3208 1272 3267 dubium
1299 3228 1428 3268 esse
1455 3226 1572 3266 non
1599 3215 1807 3285 potest,
1838 3207 1951 3266 nisi
1970 3205 2125 3266 enim
2142 3208 2253 3266 hoc
2270 3206 2591 3282 accidisset,
2610 3208 2939 3285 potuissent

515 3286 837 3361 pertinaces
865 3286 1062 3345 Judaei
1082 3287 1386 3347 veritatem
1413 3286 1847 3346 resurrectionis
1874 3287 1935 3344 in
1970 3285 2211 3346 dubium
2254 3306 2480 3362 vocare,
2510 3288 2677 3363 quasi
2705 3287 2938 3346 semivi-

518 3382 630 3422 vus
657 3363 848 3423 adhuc
875 3384 948 3423 ex
979 3384 1148 3425 cruce
1176 3365 1468 3425 detractus
1495 3366 1739 3439 fuisset;
1785 3366 2005 3425 Verum
2034 3375 2165 3444 post
2207 3367 2363 3425 hunc
2390 3386 2587 3425 casum
2615 3366 2777 3426 nulla
2803 3367 2939 3427 talis

519 3442 834 3502 cavillandi
861 3463 1004 3503 ansa
1028 3445 1220 3522 potuit
1245 3464 1563 3523 superesse,
1595 3443 1879 3521 siquidem
1908 3453 2123 3504 certum
2155 3454 2245 3505 est
2270 3447 2410 3505 laeso
2438 3447 2533 3505 vel
2562 3454 2761 3525 aperto
2788 3447 2939 3525 peri-

519 3521 716 3581 cardio
745 3531 986 3583 mortem
1014 3527 1338 3584 necessario
1367 3525 1548 3601 sequi.

604 3602 828 3663 XXII.
859 3603 1078 3663 Verum
1101 3608 1464 3685 μυπιιὸπςη
1490 3602 1635 3681 quid
1660 3603 2064 3664 adumbratum
2091 3603 2267 3664 fuisse
2296 3606 2561 3667 dubitare
2590 3624 2705 3666 non
2727 3607 2941 3684 poterit

519 3685 624 3761 qui
649 3684 694 3745 J
697 3703 941 3744 oannem
967 3686 1158 3763 ipsum
1187 3686 1247 3743 in
1294 3686 1403 3744 hac
1451 3684 1719 3763 Epistola
1761 3684 2047 3744 audiverit
2074 3684 2150 3745 ad
2182 3687 2293 3745 ista
2341 3687 2520 3746 verba
2566 3686 2937 3763 alludentem,

523 3766 640 3823 Iste
666 3774 762 3841 est,
793 3764 998 3843 inquit,
1029 3766 1130 3842 qui
1159 3767 1310 3825 venit
1353 3786 1478 3825 cum
1521 3784 1677 3841 aqua
1724 3774 1779 3823 et
1820 3766 2109 3842 sanquine,
2138 3766 2241 3825 ubi
2288 3766 2504 3825 clarum
2544 3775 2635 3827 est
2678 3767 2941 3826 divinum

524 3844 888 3923 Theologum
915 3845 992 3904 ad
1018 3864 1216 3905 casum
1251 3847 1406 3906 hunc
1453 3846 1755 3923 respicere,
1802 3854 1863 3905 et
1904 3846 2017 3905 hoc
2063 3853 2337 3923 tanquam
2382 3846 2677 3924 singulare
2704 3847 2783 3905 ali
2824 3844 2943 3905 uod

523 3925 868 3985 beneficium
895 3934 956 3985 et
980 3935 1200 3985 certum
1227 3926 1490 3987 veritatis
1519 3926 1891 4003 Evangelicae
1939 3935 2341 4004 argumentum
2367 3946 2704 4004 proponere.
2842 3926 2943 3985 uid

523 4025 665 4065 vero
685 4006 796 4065 hoc
825 4004 978 4065 sacto
1005 4006 1390 4084 significatum
1420 4006 1608 4081 fuerit,
1640 4026 1757 4065 non
1784 4026 1901 4065 una
1928 4015 2017 4065 est
2044 4005 2199 4083 apud
2227 4007 2431 4066 Patres
2458 4006 2760 4067 sententia.
2804 4006 2943 4080 Qui·-

523 4086 658 4146 dam
686 4092 894 4165 putant
914 4085 1168 4145 voluisse
1194 4088 1350 4147 latus
1377 4106 1544 4146 suum
1561 4086 1788 4164 aperiri,
1818 4093 1885 4145 ut
1912 4086 1996 4146 sic
2010 4084 2282 4145 fidelibus
2300 4086 2421 4146 suis
2436 4087 2717 4165 panderet
2732 4086 2943 4145 ostium

525 4167 679 4241 vitae,
711 4175 770 4227 et
797 4165 1018 4226 aditum
1043 4177 1274 4245 pararet
1298 4186 1482 4245 usque
1511 4166 1587 4226 ad
1613 4166 1805 4226 cordis
1836 4166 2037 4225 Divini
2065 4166 2395 4226 sacrarium.
2462 4167 2588 4225 Alii
2616 4168 2823 4226 volunt
2848 4166 2945 4224 hic

525 4246 826 4324 impletum
855 4248 1032 4307 fuisse
1057 4258 1262 4326 typum
1313 4246 1530 4307 Adami
1577 4256 1637 4306 et
1686 4247 1870 4323 Evae;
1916 4245 2411 4320 Quemadmodum
2440 4247 2593 4306 enim
2642 4268 2719 4306 ex
2764 4246 2945 4305 latere

530 4325 747 4385 Adami
775 4328 1114 4388 dormientis
1139 4337 1412 4407 exempta
1436 4327 1547 4387 fuit
1591 4336 1769 4401 costa,
1816 4346 1893 4386 ex
1936 4346 2053 4405 qua
2096 4327 2379 4387 aedificata
2422 4336 2513 4387 est
2558 4328 2649 4387 illi
2700 4328 2946 4404 Sponsa,

529 4424 704 4481 quam
725 4407 916 4465 Adam
939 4408 1380 4486 expergefactus
1409 4408 1492 4467 sic
1519 4408 1850 4485 alloquitur,
1874 4408 1991 4466 Izoec
2006 4416 2089 4466 est
2105 4428 2243 4467 caro
2260 4410 2333 4466 de
2356 4428 2533 4467 carne
2558 4428 2703 4483 mea,
2726 4417 2782 4466 et
2796 4426 2857 4465 os
2878 4408 2949 4465 de

529 4484 742 4542 ossibus
769 4487 902 4544 meist
917 4511 942 4558 ,·
985 4488 1079 4546 Ita
1105 4488 1244 4547 dum
1273 4488 1536 4547 Christus
1563 4486 1853 4547 secundus
1882 4486 2149 4547 Adamus
2174 4488 2527 4547 obdormivit
2562 4488 2623 4547 in
2652 4506 2841 4563 cruce,
2872 4506 2949 4545 ex

529 4563 714 4639 ipsius
739 4564 918 4623 latere
945 4566 1346 4642 profluxerunt
1372 4586 1524 4643 aqua
1549 4576 1610 4627 et
1627 4568 1881 4645 sanguis,
1900 4567 2183 4644 principia
2198 4568 2651 4645 regenerationis
2668 4566 2949 4627 Ecclesiae

529 4662 661 4719 qnae
691 4654 780 4702 est
807 4644 935 4719 ejus
963 4662 1176 4721 sponsa
1217 4646 1482 4722 mystica.
1517 4646 1769 4722 August.
1794 4648 1891 4705 Tr.
1926 4648 2059 4721 120,
2088 4648 2149 4705 in
2165 4648 2309 4707 Joh.
2338 4656 2399 4707 et
2424 4647 2525 4706 lib.
2555 4648 2637 4708 iii.
2667 4647 2741 4706 de
2772 4646 2947 4719 c.D.,
