3234 5192
514 356 633 413 226
1482 372 1561 413 nn
1590 370 1766 413 muno
1794 370 1970 413 vrrs.
2599 347 2860 429 [niseum.
2905 368 2949 410 ι.

528 512 768 575 confidit
804 520 864 573 et
892 511 1229 588 roboratur3
1276 511 1349 571 In
1378 512 1481 573 illo
1512 512 1708 572 David
1735 520 1978 573 moestus
2007 510 2330 571 exclamat:
2396 510 2432 543 ‘⁸
2463 508 2624 569 Deus
2651 508 2748 585 mi,
2783 509 2948 570 Deus

528 594 627 670 mi,
671 613 851 672 quare
876 612 969 652 me
997 592 1408 671 dereliquisti?
1466 604 1525 653 et
1551 594 1846 671 projectus
1875 611 2005 651 sum
2043 611 2078 649 a
2105 591 2252 650 facie
2277 599 2380 650 tua
2397 592 2451 667 ;''
2515 590 2587 648 In
2615 590 2728 649 isto
2779 590 2946 651 Idem

528 674 697 733 lactus
726 682 785 733 et
812 673 885 733 de
912 673 1077 733 exitu
1104 692 1342 733 securus
1368 672 1688 751 triumphat
1713 696 1727 732 ε
1773 674 1809 707 “
1833 672 2011 732 Posui
2042 671 2356 731 Dominum
2383 678 2518 730 ante
2547 670 2764 745 oculos,
2797 670 2946 745 Quia

528 762 617 813 est
644 774 681 813 a
708 754 931 813 dextris
982 754 1129 812 meis
1170 752 1305 812 ideo
1348 772 1463 811 non
1508 752 1805 812 movebor.
1890 752 2035 811 Ideo
2077 771 2180 811 cor
2215 752 2482 829 gavisum
2520 758 2610 810 est
2653 758 2712 809 et
2759 750 2947 827 gloria

530 854 661 893 mea
686 834 971 911 exultat,”
1005 833 1158 892 Psal.
1187 833 1311 891 xvi.
1332 834 1387 909 8,
1411 835 1467 892 9.
1552 832 1626 891 In
1674 832 1778 891 illo
1823 832 2042 893 Paulus
2070 832 2332 911 queritur
2357 850 2418 890 se
2442 830 2730 890 carnalem
2758 840 2818 889 et
2844 851 2946 889 ve-

529 913 849 973 nundatum
879 932 1007 973 esse
1035 913 1144 972 sub
1171 920 1442 991 peccato;
1509 911 1583 971 In
1608 912 1726 972 isto
1753 930 1815 971 se
1843 912 2143 973 Victorem
2170 911 2452 989 agnoscit,
2481 916 2542 970 et
2571 911 2698 969 Deo
2734 910 2942 969 libera-

528 994 642 1053 tori
670 1014 776 1053 suo
805 993 1021 1070 gratias
1070 992 1209 1069 agit,
1252 992 1422 1051 Rom.
1450 990 1553 1050 vii.
1584 996 1680 1067 24,
1713 992 1808 1068 25,
1845 996 1874 1051 l
1909 993 2039 1052 Cor.
2087 1012 2192 1051 xv.
2221 994 2316 1067 55,
2361 994 2462 1051 57.
2544 991 2678 1050 Non
2715 1010 2856 1067 ergo
2901 991 2948 1050 ii

528 1093 747 1148 sumus,
778 1080 845 1131 ut
872 1071 1213 1132 Adversarii
1233 1090 1531 1151 perperam
1558 1072 1730 1131 nobis
1757 1072 2057 1150 affingunt,
2088 1073 2186 1151 qui
2233 1072 2478 1131 velimus
2514 1072 2945 1148 persuasionem

531 1153 705 1212 istam
734 1172 867 1213 eum
907 1151 1121 1211 habere
1144 1151 1507 1212 certitudinis
1544 1152 1808 1231 gradum,
1841 1153 1942 1231 qui
1997 1172 2226 1212 omnem
2269 1150 2542 1211 contrarii
2581 1149 2947 1209 formidinem

530 1241 812 1311 perpetuo
840 1232 1131 1309 excludat,
1164 1232 1268 1292 sed
1294 1232 1397 1311 qui
1423 1252 1551 1291 eam
1578 1232 1814 1292 tandem
1859 1241 2092 1311 superet
2127 1241 2188 1291 et
2229 1232 2446 1291 vincat.
2529 1231 2680 1289 Nam
2705 1231 2844 1291 licet
2869 1230 2949 1289 ad

530 1321 761 1391 tempus
816 1320 983 1373 actus
1025 1313 1135 1373 iste
1163 1312 1351 1391 possit
1392 1313 1455 1372 in
1494 1311 1766 1373 fidelibus
1809 1312 2093 1391 intercipi,
2137 1322 2196 1371 et
2245 1330 2448 1371 sensus
2495 1318 2620 1371 tum
2646 1310 2948 1369 electionis

530 1394 838 1472 praeteritae
866 1401 989 1452 tum
1019 1393 1221 1471 gloriae
1266 1392 1476 1453 futurae
1524 1393 1720 1471 sopiri,
1751 1412 1870 1453 non
1973 1399 2087 1453 test
2113 1400 2308 1452 tamen
2335 1391 2566 1470 penitus
2613 1391 2711 1449 vel
2759 1389 2947 1451 amitti

530 1475 629 1533 vel
677 1474 959 1551 extingui,
990 1473 1073 1533 ita
1117 1482 1185 1533 ut
1224 1472 1302 1532 ad
1339 1492 1565 1551 semper
1591 1472 1668 1531 ab
1695 1473 1770 1531 iis
1815 1494 1890 1532 au
1915 1480 2140 1549 eratur;
2185 1473 2490 1533 Eluctatur
2515 1470 2671 1530 enim
2711 1470 2946 1531 tandem

534 1562 691 1613 certo
709 1573 785 1613 ex
812 1554 915 1611 illa
942 1553 1324 1612 tentationum
1354 1552 1569 1629 abysso
1616 1553 1810 1611 anima
1836 1552 2026 1613 fidelis
2053 1572 2130 1613 ex
2153 1553 2267 1611 Dei
2292 1552 2368 1611 eli
2411 1552 2562 1611 entis
2583 1560 2643 1611 et
2669 1549 2948 1629 erigentis

534 1634 739 1710 gratia,
771 1640 831 1691 et
857 1632 1135 1709 gaudium
1164 1632 1371 1691 salutis
1398 1633 1676 1691 amissum
1703 1632 1932 1693 restitui
1959 1633 2072 1692 sibi
2097 1633 2260 1711 petit,
2285 1640 2344 1691 et
2411 1652 2444 1691 e
2490 1631 2758 1691 restituto
2785 1630 2945 1689 laeta-

531 1720 645 1787 tur,
674 1720 742 1771 ut
769 1712 1035 1770 exultent
1080 1730 1213 1771 ossa
1240 1720 1375 1771 ante
1402 1713 1666 1787 contrita,
1719 1713 1874 1771 Psal.
1903 1712 1966 1772 li.
2000 1717 2092 1789 12,
2129 1714 2222 1771 14.
2329 1712 2427 1771 Sic
2455 1712 2648 1770 fidelis
2674 1710 2946 1788 procellis

530 1800 592 1852 et
612 1798 951 1869 tempestate
971 1791 1229 1869 jactatus
1250 1791 1487 1851 suavius
1512 1791 1575 1851 in
1601 1800 1772 1869 portu
1800 1792 2004 1852 salutis
2031 1793 2282 1871 quietem
2311 1800 2510 1871 gustat
2529 1798 2588 1850 et
2608 1790 2868 1869 percipit,
2889 1800 2948 1849 et

532 1870 925 1931 confirmatior
950 1890 1019 1930 ac
1045 1868 1235 1931 loetior
1261 1892 1296 1929 a
1323 1871 1641 1931 tentatione
1664 1872 1830 1931 redit.
1903 1872 2076 1932 Unde
2103 1872 2519 1948 concludimus,
2551 1872 2662 1931 etsi
2689 1871 2946 1948 cognitio

532 1952 635 2011 illa
656 1960 715 2011 et
733 1950 1031 2030 persuasio
1051 1970 1168 2009 non
1191 1970 1423 2029 semper
1448 1951 1634 2029 possit
1659 1970 1788 2011 esse
1815 1952 1876 2011 in
1898 1952 2182 2029 omnibus,
2213 1952 2500 2011 neminem
2521 1960 2714 2011 tamen
2743 1969 2946 2011 verum

532 2032 765 2091 fidelem
794 2050 939 2107 esse,
987 2031 1091 2109 qui
1117 2031 1277 2091 illius
1306 2050 1479 2091 sensu
1522 2031 1774 2108 tandem,
1805 2033 1902 2092 vel
1931 2034 2119 2109 citius,
2163 2031 2264 2091 vel
2307 2032 2532 2092 tardius
2567 2051 2688 2090 non
2713 2031 2948 2109 perfun-

532 2112 705 2172 datur
730 2111 807 2171 ad
836 2111 948 2171 Dei
990 2112 1234 2189 gloriam
1252 2120 1311 2193 et
1335 2112 1632 2190 proprium
1653 2112 1940 2173 solatium.

616 2192 790 2251 XLI.
836 2192 970 2251 Hoc
1025 2178 1187 2269 ergo'
1222 2192 1403 2251 semel
1446 2192 1658 2271 posito,
1691 2192 2102 2271 inquirendum
2153 2199 2434 2271 superest,
2479 2190 2654 2252 Unde
2691 2188 2950 2267 cognitio

532 2272 637 2331 illa
662 2270 864 2331 haberi
891 2280 1082 2349 queat,
1116 2272 1287 2347 Quod
1313 2292 1383 2331 eo
1420 2272 1714 2332 difficilius
1757 2272 2006 2347 videtur,
2055 2273 2214 2349 quod
2253 2292 2386 2332 cum
2425 2272 2602 2331 Liber
2647 2271 2758 2331 iste
2805 2269 2944 2331 vitae

530 2372 709 2429 penes
741 2352 931 2409 Deum
958 2352 1189 2411 clausus
1216 2360 1447 2411 maneat
1474 2360 1533 2412 et
1560 2352 1922 2430 obsignatus,
1955 2358 1990 2412 2
2021 2352 2171 2413 Tim.
2209 2352 2270 2412 ii.
2317 2355 2411 2428 19,
2441 2372 2550 2411 nec
2597 2352 2768 2429 plene
2809 2370 2942 2428 ape-

530 2430 769 2490 riendus
798 2431 875 2489 sit
900 2438 1033 2489 ante
1060 2430 1327 2491 ultimum
1354 2432 1526 2507 diem,
1559 2432 1747 2510 Apoc.
1775 2450 1878 2491 xx.
1913 2437 2004 2509 12,
2030 2452 2148 2492 non
2173 2432 2406 2493 videtur
2419 2432 2590 2491 facile
2611 2430 2726 2491 dici
2753 2450 2942 2507 posse,

526 2528 647 2588 qua
674 2510 897 2570 ratione
922 2510 985 2569 in
1012 2512 1138 2588 ejus
1166 2512 1555 2589 cognitionem
1584 2511 1858 2573 devenire
1889 2514 2217 2591 possimus;
2263 2512 2417 2589 Quid
2459 2512 2631 2589 enim,
2661 2532 2738 2571 an
2765 2510 2944 2571 coelos

506 2592 689 2670 'ipsos
745 2590 1130 2651 conscendere
1182 2610 1418 2651 necesse
1466 2593 1592 2669 erit,
1633 2600 1700 2652 ut
1737 2593 1978 2653 Librum
2014 2594 2190 2653 istum
2237 2594 2595 2667 evolvamus,
2626 2600 2686 2652 et
2711 2592 2948 2651 nomina

530 2680 729 2731 nostra
774 2670 863 2729 ini
909 2670 1189 2748 inscripta
1226 2672 1489 2750 legamus
1504 2676 1535 2732 ‘t'
1614 2673 1717 2731 An
1764 2674 2076 2733 scrutanda
2121 2673 2290 2733 nobis
2337 2683 2507 2733 erunt
2548 2673 2662 2732 Dei
2715 2691 2942 2749 arcana,

530 2770 661 2830 quae
694 2752 853 2812 Deus
882 2752 994 2811 sibi
1022 2752 1133 2811 soli
1178 2753 1451 2829 servavit,
1485 2754 1660 2813 Deut.
1689 2754 1878 2829 xxix„
1927 2763 1988 2815 et
2013 2774 2144 2831 quae
2169 2752 2612 2813 venerabundos
2661 2751 2946 2813 submisse

530 2832 803 2891 admirari
830 2832 1013 2907 decet,
1043 2850 1161 2890 non
1189 2832 1415 2893 curiosa
1442 2842 1501 2893 et
1528 2832 1810 2911 sacrilega
1835 2834 2158 2894 temeritate
2183 2834 2380 2893 rimari
2399 2836 2429 2893 ⁸?
2469 2834 2570 2892 An
2597 2832 2946 2911 postulanda

528 2913 627 2971 vel
668 2912 1029 2991 expectanda
1076 2912 1185 2973 erit
1226 2914 1457 2973 coelitus
1502 2912 1960 2975 extraordinaria
2001 2914 2268 2992 quiedam
2323 2913 2619 2989 revelatiO,
2661 2932 2792 2991 quae
2831 2914 2945 2973 hoc

528 2994 871 3071 mysterium
926 2994 1097 3053 nobis
1150 2993 1386 3072 pandat,
1442 3012 1688 3073 quaeque
1743 2994 1816 3054 de
1874 2995 2175 3055 Electione
2228 3003 2428 3055 nostra
2481 3003 2670 3053 certos
2723 3012 2832 3051 nos
2885 3002 2946 3053 et

532 3092 764 3133 securos
790 3074 999 3133 reddat
1015 3076 1045 3133 ⁸?
1086 3074 1329 3133 Frustra
1356 3092 1495 3133 sane
1524 3094 1801 3151 essemus,
1833 3076 1884 3135 si
1923 3075 2040 3135 tale
2068 3074 2212 3154 quid
2237 3074 2334 3134 vel
2362 3074 2618 3152 cogitare
2658 3073 2944 3133 vellemus

530 3153 628 3211 vel
670 3154 929 3228 aggredi.
1018 3156 1053 3187 “
1072 3153 1215 3229 Quis
1256 3154 1411 3212 enim
1432 3155 1599 3213 novit
1625 3164 1878 3215 mentem
1925 3155 2178 3230 Domini,
2209 3163 2312 3214 aut
2349 3154 2482 3231 quis
2523 3153 2632 3213 fuit
2659 3153 2715 3212 ei
2741 3173 2778 3213 a
2803 3174 2940 3213 eon-

532 3232 677 3289 siliis
696 3234 726 3289 ?
764 3250 955 3289 nonne
1010 3232 1407 3292 inscrutabilia
1460 3242 1597 3293 sunt
1637 3235 1764 3312 ejus
1798 3234 2023 3312 judicia
2059 3244 2118 3295 et
2158 3234 2716 3313 impervestigabiles
2746 3234 2856 3293 vioe
2871 3236 2940 3293 ?''

534 3310 621 3368 Ut
679 3308 753 3367 ad
822 3328 979 3368 oram
1041 3312 1210 3370 istius
1266 3313 1464 3390 abyssi
1506 3314 1832 3373 exclamare
1885 3314 2200 3375 debeamus
2255 3336 2384 3375 cum
2447 3314 2648 3389 Paulo,
2693 3310 2734 3371 ὅ
2781 3316 2941 3382 βάθος

533 3387 755 3447 πλοῖηου
780 3416 864 3456 της
892 3389 1071 3461 σοφίας
1099 3396 1189 3449 καὶ
1210 3416 1293 3457 τις
1314 3394 1527 3463 γνόντας
1552 3400 1644 3451 τοῦ
1666 3396 1800 3469 θιοῧ,
1833 3394 2002 3454 Rom.
2031 3395 2114 3453 xi.
2137 3398 2234 3471 33,
2265 3398 2364 3455 34.
2395 3395 2550 3455 Nota
2575 3404 2712 3455 sunt
2737 3394 2826 3453 illi
2865 3395 2941 3455 ab

535 3489 662 3527 aevo
690 3488 865 3547 opera
893 3488 1014 3544 sua,
1061 3470 1196 3530 Act.
1243 3491 1343 3531 xv.
1394 3475 1485 3549 18,
1532 3473 1672 3551 quia
1700 3493 1770 3533 ea
1795 3473 1958 3535 videt
1985 3483 2045 3534 et
2079 3475 2226 3553 legit
2273 3476 2336 3533 in
2377 3475 2628 3551 decreto,
2675 3475 2780 3535 sed
2806 3476 2939 3553 quis

530 3549 859 3609 mortalium
886 3548 1037 3609 hanc
1065 3550 1177 3609 sibi
1204 3552 1467 3612 notitiam
1498 3572 1770 3631 arrogare
1797 3562 2125 3631 praesumat,
2157 3575 2330 3633 quam
2361 3556 2470 3615 soli
2498 3556 2610 3615 sibi
2639 3556 2898 3616 servavit
2912 3558 2941 3615 ?

532 3630 715 3690 Novit
740 3630 841 3689 ille
867 3630 969 3708 qui
998 3630 1089 3688 sui
1116 3639 1267 3707 sunt,
1300 3636 1336 3691 2
1366 3632 1515 3693 Tim.
1544 3633 1605 3692 ii.
1651 3636 1743 3711 19,
1775 3634 1880 3693 sed
1907 3636 2038 3713 quis
2065 3644 2274 3714 praeter
2313 3636 2523 3711 Deum,
2553 3634 2668 3694 nisi
2693 3635 2821 3713 ipso
2848 3654 2938 3695 re·

528 3710 781 3786 velante,
810 3731 881 3771 eo
908 3729 1211 3787 assurgere
1240 3712 1475 3773 valeat?

516 3820 523 3823 ·
612 3791 822 3852 XLII.
866 3790 1000 3850 Hoc
1042 3799 1237 3850 tamen
1282 3810 1400 3851 non
1456 3794 1666 3869 obstat,
1713 3794 2024 3873 quominus
2049 3794 2312 3854 dicamus
2339 3793 2732 3873 cognitionem
2778 3793 2939 3853 illam

526 3869 727 3931 haberi
755 3890 943 3950 posse,
974 3890 1090 3929 non
1118 3870 1353 3949 quidem
1400 3894 1441 3933 a
1466 3874 1666 3951 priori
1687 3884 1748 3934 et
1791 3878 2182 3935 antecedenter
2209 3874 2314 3935 scd
2339 3897 2380 3936 a
2395 3876 2708 3952 posteriori
2721 3883 2783 3935 et
2807 3896 2938 3935 con·

525 3962 842 4030 sequentur,
894 3950 1028 4011 Non
1076 3952 1137 4010 in
1182 3972 1385 4013 causae
1438 3954 1758 4014 Electionis
1813 3954 2174 4033 inquirendo,
2221 3956 2380 4033 quod
2418 3955 2678 4033 impium,
2729 3954 2834 4014 sed
2877 3955 2940 4013 in

524 4040 721 4108 effecta
741 4041 801 4093 et
840 4033 1010 4111 signa
1036 4032 1565 4109 animadvertendo,
1615 4035 1774 4113 quod
1801 4054 2136 4095 concessum
2161 4058 2176 4113 ;
2241 4034 2376 4095 Non
2421 4035 2483 4094 in
2511 4036 2720 4095 coelum
2749 4054 2941 4095 assur·-

526 4113 737 4190 gendo,
768 4112 871 4173 sed
897 4114 960 4172 in
986 4132 1095 4173 nos
1111 4112 1515 4174 descendendo
1544 4137 1559 4191 ;
1605 4115 1740 4175 Non
1767 4115 2002 4175 Librum
2041 4117 2168 4175 vitoe
2221 4116 2565 4191 evolvend0,
2595 4117 2698 4193 qui
2741 4135 2942 4176 omnes

525 4202 737 4271 praeter
786 4193 977 4255 Deum
1020 4193 1207 4253 solum
1236 4194 1397 4271 latet,
1450 4194 1555 4255 sed
1592 4197 1834 4254 Librum
1880 4194 2192 4273 Evangelii
2235 4215 2370 4255 eum
2397 4197 2575 4257 Libro
2597 4196 2940 4257 conscientia

526 4272 794 4350 legende,
823 4274 925 4353 qni
968 4274 1155 4335 cuivis
1184 4270 1443 4334 fidelium
1472 4275 1627 4334 serio
1665 4274 1990 4335 attendenti
2015 4284 2254 4354 patent3
2299 4276 2434 4336 Non
2469 4276 2681 4336 mentis
2723 4275 2939 4335 divinae

528 4352 841 4411 sacrarium
895 4354 1263 4432 temerando;
1334 4354 1439 4415 sed
1492 4354 1990 4433 regenerationem
2039 4356 2232 4416 cordis
2279 4356 2484 4417 sedulo
2539 4356 2938 4417 observando:

528 4430 813 4490 Nimirum
840 4434 993 4492 utin
1020 4436 1257 4513 negotio
1285 4435 1492 4495 salutis
1534 4435 1791 4495 diximus
1839 4436 1996 4495 nolle
2046 4438 2236 4497 Deum
2263 4437 2418 4495 bona
2467 4456 2572 4495 sua
2612 4436 2783 4495 nobis
2811 4454 2938 4495 esse

526 4508 745 4586 ignota,
770 4510 901 4570 ideo
920 4530 1040 4571 non
1066 4514 1194 4573 vult
1222 4516 1575 4593 praecipuum
1606 4517 1864 4575 omnium
1893 4516 2178 4576 bonorum
2217 4516 2674 4593 fundamentum,
2733 4537 2768 4575 a
2819 4535 2939 4594 quo

526 4588 795 4648 solatium
824 4608 992 4650 omne
1020 4602 1277 4653 nostrum
1308 4596 1539 4671 pendet,
1585 4596 1928 4655 electionem
1973 4596 2212 4670 scilicet,
2241 4616 2349 4657 nos
2383 4599 2586 4657 latere.
2673 4597 2830 4656 Hinc
2871 4596 2938 4656 fit

522 4678 589 4729 nt
616 4668 1099 4746 quemadmodum
1130 4672 1304 4731 Pater
1332 4674 1519 4732 vicem
1548 4676 1796 4734 sustinet
1826 4677 2037 4735 summi
2079 4678 2122 4737 J
2127 4677 2328 4753 udicis,
2371 4698 2476 4756 pro
2505 4677 2780 4737 tribunali
2809 4692 2940 4737 sen·
