3234 5192
530 351 647 408 412
1070 365 1150 406 nn
1178 361 1659 408 sarlsrA-C'rloms
1687 361 1924 406 cums-n
1953 362 2369 406 mossarum.
2545 346 2808 426 [msrnr.
2841 369 2947 408 χιι.

530 515 621 566 est
639 507 902 584 justitiae,
932 507 1071 584 quia
1098 508 1236 566 vult
1251 504 1486 586 quidem
1536 525 1706 564 omne
1749 512 2049 582 peccatum
2079 505 2274 584 plecti,
2304 504 2409 565 sed
2435 523 2552 564 non
2577 506 2797 584 pariter
2821 527 2942 566 om-

529 593 1227 744 nenilfffiffoeffirgtgintnm
1252 673 1489 744 peccat:
1524 664 1576 723 1.
1599 664 1778 724 Falsa
1802 664 2114 742 hypothesi
2140 664 2308 742 quasi
2337 665 2572 724 liberum
2593 668 2654 722 et
2679 666 2946 726 naturale

527 754 872 825 pugnarent,
902 766 1034 806 cum
1062 754 1258 805 tamen
1304 744 1487 804 amice
1514 744 1666 802 inter
1691 763 1755 803 se
1795 744 2158 822 conspirent3
2207 745 2481 804 voluntas
2510 743 2624 802 Dei
2651 751 2741 804 cst
2766 744 2940 804 liber-

528 825 693 898 rima,
721 833 781 885 et
808 834 999 885 tamen
1036 833 1127 885 cst
1175 825 1303 883 Deo
1347 823 1647 898 naturalis,
1677 843 1877 882 omnes
1922 823 2304 902 proprietates
2330 843 2461 901 quse
2491 823 2620 883 Deo
2639 822 2839 884 insunt
2865 826 2942 885 ad

529 905 765 964 modum
792 906 1071 965 virtutum
1100 904 1406 964 moralium
1446 903 1645 963 liberte
1672 911 1810 963 sunt
1844 905 1984 982 quia
2008 904 2190 964 libere
2217 911 2277 964 et
2303 909 2620 980 spontanee
2647 923 2776 963 sese
2801 923 2938 964 exe-

528 992 682 1060 runt,
712 1005 819 1044 nec
846 992 1041 1044 tamen
1070 993 1206 1044 sunt
1232 983 1565 1059 arbitrariae,
1610 983 1716 1042 sed
1753 985 2047 1043 naturales
2073 992 2133 1044 et
2159 983 2531 1057 essentiales3
2575 987 2631 1043 2.
2653 981 2942 1062 Supponit
3055 1039 3066 1046 .

640 1063 715 1124 tis
758 1060 1007 1124 liberum
1052 1061 1201 1122 nihil
1248 1063 1408 1124 aliud
1454 1083 1583 1123 esse
1631 1082 1804 1143 quam
1833 1062 2178 1142 contingens
2204 1073 2265 1123 et
2290 1060 2570 1145 ἃςάφοςον,
2601 1071 2662 1123 at
2695 1063 2936 1142 jampri-

572 1163 665 1202 em
692 1163 727 1202 a
754 1143 899 1204 viris
945 1143 1132 1204 doctis
1180 1143 1636 1204 demonstratum
1683 1151 1773 1202 est
1811 1143 2066 1204 libertati
2093 1143 2307 1222 optime
2335 1142 2646 1203 convenire
2673 1163 2806 1202 cnm
2835 1163 2936 1203 ne-

530 1223 816 1300 cessitate,
844 1231 906 1283 et
932 1243 1111 1284 unum
1137 1223 1407 1301 idemque
1429 1223 1752 1302 subJectum
1795 1243 1965 1302 posse
1994 1224 2167 1283 simul
2193 1231 2252 1284 et
2279 1223 2458 1282 semel
2478 1223 2770 1282 liberrime
2797 1242 2932 1301 agc-

528 1323 591 1362 re
640 1311 699 1364 et
724 1304 1049 1364 necessario
1092 1323 1162 1363 ac
1208 1303 1660 1380 immutabiliter,
1691 1302 1847 1380 quod
1899 1305 2027 1381 Dei,
2060 1303 2291 1380 Christi,
2323 1302 2705 1380 Angelorum,
2735 1302 2934 1363 beato·

528 1401 675 1458 rum,
718 1390 777 1443 et
828 1383 1087 1462 ipsorum
1140 1383 1313 1443 etiam
1354 1383 1684 1444 daemonum
1723 1384 2008 1460 exemplis
2067 1383 2391 1443 luculenter
2429 1382 2792 1460 comprobari
2831 1403 2935 1460 po·

528 1470 661 1522 test.
705 1465 762 1524 3.
794 1463 1017 1523 Iterum
1060 1461 1475 1542 distinguenda
1499 1462 1917 1540 permiscentur
1943 1463 2018 1522 ab
2053 1463 2418 1537 adversariis,
2453 1461 2684 1539 justitia
2709 1461 2934 1522 scilicet

526 1561 660 1602 cum
696 1542 934 1618 effectis,
962 1542 1176 1602 effecta
1216 1543 1453 1620 quidem
1486 1541 1732 1620 justitiae
1759 1542 2015 1620 pendent
2053 1561 2088 1600 a
2130 1543 2244 1602 Dei
2271 1542 2570 1601 voluntate
2596 1541 2794 1617 libera,
2825 1541 2930 1600 scd

526 1619 655 1698 ipsa
685 1622 917 1698 justitia
956 1623 1017 1679 in
1058 1630 1192 1681 actu
1231 1621 1419 1699 primo
1458 1639 1576 1680 non
1616 1629 1708 1681 cst
1747 1621 1944 1681 liberae
1984 1621 2305 1682 voluntatis
2344 1619 2626 1696 effectum,
2669 1639 2802 1680 cum
2851 1620 2932 1679 sit

526 1700 772 1778 ipsamet
811 1700 1083 1761 voluntas
1124 1701 1237 1759 Dei
1278 1699 1569 1760 liberrime
1609 1699 1844 1778 quidem
1885 1701 1990 1761 sed
2028 1709 2225 1761 tamen
2263 1700 2585 1761 necessario
2623 1707 2925 1778 peccatum

530 1798 825 1838 aversans.
869 1782 926 1838 4.
950 1779 1153 1840 Simile
1194 1779 1351 1856 quod
1377 1779 1595 1858 petitur
1618 1800 1656 1838 a
1682 1779 1970 1840 creatione
1997 1780 2168 1860 plane
2197 1790 2286 1840 est
2313 1779 2610 1855 dissimile,
2637 1798 2771 1838 nam
2797 1779 2927 1840 haec

526 1867 792 1919 versatur
818 1859 971 1918 circa
994 1878 1119 1919 rem
1164 1859 1336 1938 plane
1362 1858 1786 1919 indifferentem
1835 1867 1893 1920 et
1919 1879 2049 1940 quae
2075 1861 2266 1940 potuit
2293 1879 2420 1920 esse
2446 1867 2507 1919 et
2532 1878 2652 1918 non
2692 1877 2835 1934 esse,
2865 1867 2930 1920 at

518 1938 765 2017 justitiae
793 1938 1132 1999 exercitium
1182 1937 1255 1998 de
1291 1957 1407 2016 quo
1454 1939 1734 2018 quaeritur
1769 1948 2083 2034 occupatur
2109 1940 2262 2000 circa
2288 1959 2411 2000 rem
2437 1939 2839 2015 necessariam,
2869 1947 2930 1998 et

563 2037 655 2078 use
682 2017 851 2078 aliter
876 2017 1002 2078 fieri
1028 2037 1146 2079 non
1192 2017 1419 2098 potuit3
1468 2019 1741 2078 nimirum
1786 2019 2197 2098 distinguenda
2223 2019 2466 2079 veniunt
2493 2018 2611 2078 duo
2637 2020 2926 2078 actionum

568 2097 851 2158 ‘vinarum
880 2118 1110 2176 genera,
1156 2117 1292 2158 nam
1326 2097 1425 2157 vel
1470 2098 1589 2158 illae
1627 2107 1933 2159 versantur
1973 2099 2034 2158 in
2084 2101 2288 2177 objecto
2316 2099 2510 2193 aliquo
2532 2099 2924 2170 constituendo,

523 2178 620 2238 vel
649 2179 802 2239 circa
827 2181 1090 2257 objectum
1106 2179 1231 2257 jam
1259 2177 1609 2238 constitutum
1637 2187 1696 2240 et
1722 2179 1918 2258 aliqua
1941 2179 2074 2238 vitii
2094 2187 2196 2239 aut
2222 2178 2454 2239 virtutis
2482 2178 2761 2256 qualitate
2781 2197 2925 2256 prae-

522 2257 708 2317 ditum
738 2281 753 2336 3
798 2278 927 2336 quse
953 2259 1211 2318 actiones
1236 2267 1542 2318 versantur
1568 2259 1631 2317 in
1658 2259 1887 2337 objecto
1915 2258 2334 2334 constituendO,
2363 2257 2448 2317 ita
2473 2265 2610 2318 sunt
2635 2257 2832 2317 liberae
2863 2263 2931 2318 ut

521 2337 597 2395 ab
624 2337 698 2395 iis
727 2339 888 2397 Deus
916 2337 1205 2396 abstinere
1232 2337 1417 2415 possit
1444 2337 1695 2414 omnin0,
1746 2338 1831 2397 sic
1856 2339 2148 2398 hominem
2193 2339 2386 2398 creare
2413 2337 2688 2413 decrevit,
2733 2335 2928 2397 decre·

520 2423 644 2474 tum
672 2416 784 2474 hoc
825 2416 1038 2476 creatio
1064 2415 1390 2475 necessario
1432 2423 1632 2474 secuta
1673 2424 1778 2492 est,
1824 2425 1885 2477 at
1918 2417 2165 2477 liberum
2209 2417 2264 2476 ei
2307 2417 2418 2480 fuit
2442 2436 2561 2476 non
2601 2416 2924 2492 decernere,

521 2493 654 2553 ideo
680 2493 927 2555 liberum
954 2495 1128 2554 etiam
1156 2493 1210 2554 ei
1232 2493 1342 2554 fuit
1370 2493 1659 2554 abstinere
1687 2496 1761 2555 ab
1790 2515 1859 2555 ea
1902 2497 2128 2558 actione
2176 2517 2307 2576 quae
2336 2496 2548 2556 dicitur
2574 2497 2822 2556 creatio:
2865 2503 2927 2556 at

520 2591 651 2652 quse
679 2581 985 2633 versantur
1023 2574 1175 2634 circa
1203 2573 1492 2652 objectum
1526 2575 1653 2652 jam
1699 2576 2092 2653 constitutum,
2139 2577 2224 2636 ita
2263 2584 2398 2636 sunt
2423 2575 2621 2636 liberae
2671 2584 2735 2636 ut
2764 2576 2925 2636 Deus

519 2673 638 2712 non
664 2654 849 2732 possit
874 2661 1069 2714 tamen
1090 2673 1125 2712 a
1151 2672 1214 2713 se
1236 2653 1543 2731 impetrare
1572 2663 1638 2714 ut
1678 2655 2026 2715 contrarium
2055 2655 2339 2731 admittat,
2369 2655 2507 2732 quia
2534 2655 2826 2714 sanctitati
2866 2662 2927 2715 et

510 2733 755 2813 justitias
782 2733 967 2811 ipsius
991 2741 1342 2813 repugnaret
1364 2755 1378 2808 ;
1410 2733 1460 2792 si
1488 2742 1750 2794 creatura
1796 2743 1998 2795 sancta
2024 2743 2114 2796 est
2140 2744 2200 2797 et
2242 2735 2550 2814 imaginem
2594 2734 2706 2794 Dei
2733 2735 2924 2810 refert,

519 2832 637 2872 non
666 2821 859 2892 potest
890 2814 1050 2874 Deus
1092 2813 1235 2892 quin
1263 2813 1319 2873 ei
1344 2813 1492 2873 bene
1534 2813 1680 2874 velit
1706 2833 1851 2890 esse,
1883 2815 1932 2875 si
1972 2813 2268 2892 peccatrix
2285 2823 2390 2890 est,
2419 2833 2538 2874 non
2566 2822 2757 2908 potest
2782 2814 2924 2892 quin

516 2911 645 2952 eam
674 2893 818 2954 velit
856 2893 1119 2974 punitam
1147 2892 1222 2953 ob
1266 2899 1607 2970 peccatum3
1654 2893 1862 2974 Itaque
1901 2893 2139 2954 libertas
2186 2895 2426 2954 istarum
2474 2903 2765 2954 senonum
2812 2893 2924 2953 sita

517 2981 608 3034 est
633 2992 750 3033 non
778 2973 839 3032 in
864 2994 935 3033 eo
963 2972 1121 3052 quod
1145 2973 1372 3051 possint
1396 2992 1524 3032 esse
1551 2973 1651 3034 vel
1677 2993 1794 3032 non
1822 2993 1966 3047 esse,
2014 2974 2122 3035 sed
2147 2973 2208 3033 in
2237 2993 2306 3034 eo
2343 2981 2569 3034 tantum
2607 2972 2767 3051 quod
2793 2993 2922 3052 quae

488 3100 493 3110 .
520 3051 681 3112 Deus
708 3053 847 3114 facit
872 3053 931 3112 in
952 3055 1065 3113 hoc
1092 3053 1327 3131 negotio
1353 3052 1755 3114 lubentissime
1783 3060 1843 3115 et
1869 3053 2087 3132 absque
2114 3053 2238 3113 ulla
2264 3053 2560 3114 coactione
2586 3052 2743 3112 facit.

600 3131 722 3192 IX.
766 3133 821 3192 2.
872 3135 1074 3208 Object.
1110 3132 1173 3192 Si
1203 3132 1365 3192 Deus
1447 3140 1599 3194 otest
1627 3133 1700 3192 de
1722 3133 1855 3210 jure
1883 3153 1990 3194 suo
2029 3133 2338 3210 remittere,
2367 3141 2560 3212 potest
2585 3132 2760 3192 etiam
2786 3152 2918 3211 pec·

518 3219 648 3269 cata
666 3211 993 3270 condonare
1014 3212 1233 3289 absque
1252 3231 1317 3270 sa
1344 3211 1359 3225 ⁸
1452 3211 1660 3286 ctione,
1684 3209 1772 3273 At
1791 3231 1993 3272 verum
2010 3212 2190 3290 prius,
2209 3213 2281 3271 E.
2303 3221 2364 3272 et
2389 3219 2602 3291 poster.
2632 3212 2918 3290 Assump-

516 3295 639 3348 tum
669 3287 953 3366 probant:
1005 3292 1058 3349 1.
1105 3290 1242 3365 quia
1282 3289 1594 3368 unicuique
1638 3291 1777 3349 licet
1820 3291 2025 3352 cedere
2070 3291 2143 3351 de
2179 3293 2314 3371 jure
2341 3312 2466 3368 suo,
2497 3291 2568 3350 E.
2597 3299 2658 3351 et
2686 3292 2832 3362 Deo,
2861 3301 2924 3352 et

516 3365 753 3445 quidem
778 3367 985 3446 magis,
1012 3367 1151 3446 quia
1182 3376 1273 3428 cst
1300 3387 1601 3446 supremus
1645 3370 1931 3429 Dominus
1967 3389 2158 3430 rerum
2197 3372 2454 3432 omnium
2479 3371 2580 3448 qui
2601 3369 2703 3448 jus
2745 3370 2924 3431 habet

516 3444 847 3506 absolutum
870 3454 931 3505 et
948 3444 1259 3506 honum-v
1284 3445 1346 3506 in
1375 3441 1712 3524 creaturam,
1742 3448 1895 3526 juris
1923 3457 2116 3510 autem
2143 3452 2362 3531 proprii
2388 3459 2447 3511 et
2476 3451 2768 3511 Dominici
2793 3451 2922 3510 hoec

515 3533 606 3586 est
631 3533 839 3586 natura
864 3534 930 3586 ut
958 3526 1104 3586 illud
1140 3525 1355 3605 pariter
1380 3535 1440 3588 et
1487 3529 1755 3606 persequi
1791 3529 1999 3608 cuique
2036 3530 2210 3593 liceat
2235 3540 2295 3592 et
2319 3551 2438 3591 non
2483 3530 2754 3610 persequi
2779 3530 2830 3589 si
2849 3530 2920 3589 li·

512 3606 719 3680 buerit,
749 3613 811 3665 et
856 3606 907 3666 si
934 3605 996 3666 id
1022 3625 1140 3666 non
1174 3605 1393 3682 liceret,
1432 3604 1496 3665 id
1520 3605 1686 3667 fieret
1722 3610 1926 3687 procul
1949 3609 2127 3672 dubio
2152 3613 2292 3688 quia
2321 3613 2382 3670 in
2425 3631 2497 3672 ea
2516 3609 2669 3690 juris
2693 3610 2922 3670 relaxa-

512 3686 670 3748 tione
709 3685 908 3764 aliqua
933 3686 1106 3746 alicui
1151 3686 1314 3746 fleret
1354 3685 1599 3764 injuria;
1643 3695 1704 3748 at
1728 3689 1946 3748 nemini
1989 3689 2116 3752 sive
2161 3692 2366 3769 puniat
2411 3691 2537 3750 sive
2572 3710 2691 3750 non
2717 3689 2922 3768 puniat

511 3765 651 3826 facit
676 3765 962 3843 injuriam,
988 3765 1270 3843 siquidem
1294 3765 1367 3825 de
1388 3766 1521 3843 jure
1550 3785 1656 3825 suo
1677 3775 1902 3828 tantum
1930 3769 2150 3848 agitur;
2179 3775 2236 3832 2.
2263 3772 2403 3848 quia
2429 3770 2762 3830 hominibus
2781 3769 2922 3830 licet

508 3845 753 3906 aliorum
793 3845 1043 3907 offensas
1082 3845 1263 3906 libere
1304 3853 1365 3906 et
1404 3845 1529 3906 sine
1570 3847 1960 3908 satisfactione
2001 3849 2346 3927 condonare,
2393 3851 2512 3910 imo
2545 3871 2665 3910 non
2691 3857 2916 3909 tantum

507 3933 751 4004 possunt
774 3945 855 3986 ex
880 3926 1256 4001 humanitate,
1286 3925 1389 3986 sed
1436 3925 1611 3986 etiam
1647 3927 1863 3988 debent
1909 3948 1986 3988 ex
2014 3929 2235 4002 offici0;
2279 3934 2335 3992 3.
2381 3931 2680 4007 Principes
2707 3929 2920 3989 summi

506 4025 625 4066 non
651 4015 879 4068 tantum
900 4025 1036 4066 suas
1062 4005 1167 4067 sed
1192 4013 1254 4066 et
1279 4005 1543 4083 publicas
1570 4006 1632 4066 in
1659 4007 1867 4086 Remp.
1905 4007 2145 4087 injurias
2177 4029 2310 4070 cum
2340 4009 2622 4086 singulari
2663 4009 2916 4070 clemen-

508 4085 797 4147 tinelande
824 4084 1149 4147 condonare
1170 4093 1439 4164 possunt3
1484 4085 1557 4146 E.
1584 4093 1648 4145 et
1675 4087 1838 4148 Deus
1854 4086 1988 4148 Rex
2007 4087 2240 4166 Regum
2267 4099 2328 4151 et
2357 4089 2644 4150 Dominus
2673 4089 2916 4149 Domin-

506 4166 744 4241 antium,
776 4175 949 4245 atque
976 4186 1046 4230 eo
1072 4167 1261 4244 magis
1284 4164 1447 4243 quod
1472 4164 1561 4226 illi
1600 4166 1822 4245 reipub.
1851 4174 2073 4228 tutores
2113 4177 2252 4230 sunt
2275 4178 2336 4229 et
2381 4169 2520 4229 boni
2547 4169 2766 4246 publici
2809 4166 2916 4227 ad-

506 4246 756 4308 ministri
781 4248 977 4325 potius
1002 4266 1177 4324 quam
1207 4245 1442 4320 domini,
1476 4245 1638 4307 Deus
1665 4255 1856 4308 autem
1899 4265 2202 4325 supremus
2228 4269 2418 4309 rerum
2463 4249 2718 4308 omnium
2765 4247 2924 4306 arbi·

504 4333 595 4386 ter
620 4333 681 4386 ct
709 4326 994 4388 Dominus
1036 4334 1271 4405 propter
1316 4345 1489 4390 unam
1534 4327 1628 4387 sui
1675 4327 1918 4404 gloriam
1967 4328 2160 4387 omnia
2185 4337 2473 4407 operatur.
2515 4331 2574 4387 4.
2603 4327 2918 4404 unicuique

506 4404 703 4466 debita
729 4405 865 4468 licet
890 4406 1017 4466 sine
1044 4407 1331 4468 solutione
1356 4407 1668 4482 remittere,
1697 4415 1756 4467 at
1783 4415 2021 4486 peccata
2059 4417 2198 4468 sunt
2221 4409 2422 4468 debita
2447 4413 2508 4468 et
2537 4409 2698 4467 Deus
2725 4407 2916 4466 credi-

504 4489 612 4558 tor,
646 4483 859 4542 Matth.
880 4486 959 4544 vi.
1008 4489 1099 4562 12,
1128 4497 1189 4546 et
1216 4487 1381 4548 xviii.
1468 4485 1567 4546 Sic
1612 4495 1919 4564 argutam
1965 4487 2162 4549 Socin.
2190 4489 2266 4549 de
2294 4490 2495 4550 Serva.
2536 4496 2684 4566 part.
2719 4490 2772 4546 1.
2795 4507 2846 4546 c.
2869 4485 2914 4546 i.

508 4562 605 4622 Sic
635 4561 828 4621 Orelli.
856 4562 932 4623 de
957 4584 1099 4624 vera
1126 4567 1317 4642 Relig.
1346 4565 1447 4624 lib.
1476 4565 1516 4623 i.
1546 4587 1596 4625 c.
1627 4571 1723 4642 23,
1751 4574 1814 4627 et
1837 4567 1957 4627 alii.

584 4641 670 4701 X.
716 4639 836 4699 Sed
860 4659 1047 4716 neque
1074 4644 1199 4704 hacc
1226 4645 1587 4705 ratiocinatio
1614 4653 1746 4706 utut
1767 4667 1978 4724 magno
2005 4667 2138 4708 cum
2165 4655 2448 4724 apparatu
2472 4645 2788 4730 identidem
2831 4644 2912 4706 ab
