3234 5192
526 317 646 375 222
1474 330 1553 371 nn
1580 330 1757 372 meno
1785 330 1966 372 vrrAE.
2607 312 2870 396 [msrur.
2898 334 2942 380 1.

526 482 833 533 extraneos
860 472 1037 532 fuisse
1064 478 1124 531 et
1160 490 1455 549 nunquam
1494 469 1756 529 fidelium
1797 470 1930 530 alb'o
1971 490 2108 531 vere
2148 470 2475 549 inscriptos
2521 471 2694 533 Hanc
2742 484 2938 535 autem

526 572 654 612 esse
682 560 931 612 mentem
956 551 1169 610 Psaltis
1188 552 1419 629 probari
1440 559 1647 630 potest,
1675 552 1726 609 1.
1745 552 1842 609 Ex
1861 551 2057 610 verbis
2079 550 2470 628 sequentibus,
2490 572 2620 629 quae
2638 556 2938 633 exegetice

524 631 833 707 adduntur,
877 634 963 689 Et
1002 652 1127 690 cum
1158 631 1331 707 justz‘s
1376 652 1490 691 non
1535 631 1857 691 scribantur
1871 656 1896 704 ;
1935 650 2069 689 nam
2119 630 2272 691 utin
2303 631 2552 692 Psalmis
2588 634 2806 711 passim
2835 654 2934 695 oc·

522 712 718 789 currit,
764 720 831 772 ut
866 711 1150 789 posterior
1184 730 1319 789 pars
1360 730 1567 770 versus
1594 711 1672 769 sit
1696 710 1903 788 prioris
1931 710 2216 787 exegesis,
2248 718 2307 769 et
2332 709 2486 770 idem
2515 712 2645 772 aliis
2673 714 2935 774 terminis

520 791 762 868 dicatur,
786 791 941 852 idem
958 791 1054 850 hic
1075 791 1417 850 observatur
1438 811 1453 867 ;
1482 789 1642 868 qnod
1661 790 1906 868 figurate
1923 798 1983 849 et
2001 790 2219 867 tropice
2238 790 2468 850 dixerat
2489 792 2644 851 Psal.
2677 792 2748 852 de
2772 793 2932 854 dele·

518 871 694 947 tione,
718 873 844 949 jam
870 870 1102 949 propria
1126 870 1418 930 locutione
1439 870 1710 947 explicat,
1739 888 1919 947 quum
1947 870 2104 947 dicit,
2123 889 2242 929 non
2269 870 2608 949 scribantur,
2639 882 2706 933 ut
2731 872 2936 935 innuat

520 950 701 1011 deleri
726 951 873 1009 nihil
901 950 1059 1009 aliud
1086 969 1231 1025 esse,
1261 968 1435 1026 quam
1462 970 1574 1008 non
1592 950 1778 1008 scribi.
1863 954 1918 1008 2.
1950 949 2046 1007 Ex
2072 950 2203 1009 loco
2229 950 2506 1028 parallelo
2534 959 2706 1011 antea
2731 954 2927 1030 citat0,

522 1031 735 1090 Ezech.
766 1029 889 1089 xiii.
921 1032 977 1089 9.
1073 1028 1193 1091 Ubi
1236 1028 1479 1089 eandem
1522 1048 1753 1107 poenam
1803 1028 2328 1107 Pseudoprophetis
2376 1030 2748 1108 denuncians,
2799 1052 2928 1093 eam

518 1109 790 1187 negative
818 1109 998 1184 effert,
1047 1110 1083 1142 ‘⁴
1102 1128 1219 1167 non
1260 1108 1583 1168 scribantur
1608 1109 1672 1166 in
1699 1110 1964 1187 catalogo
2013 1108 2220 1169 domus
2261 1110 2502 1186 IsraelJ'
2533 1108 2642 1170 ἕω.
2727 1115 2784 1171 3.
2831 1114 2927 1171 Ex

516 1189 735 1248 oraculi
763 1190 929 1248 istius
956 1187 1393 1266 complement0‚
1426 1188 1581 1265 quod
1602 1189 1664 1246 in
1683 1188 1755 1247 N.
1775 1189 2146 1248 Testamento
2167 1190 2374 1266 partim
2397 1189 2475 1248 ad
2492 1190 2538 1250 J
2537 1190 2711 1249 udam
2731 1193 2928 1270 prodi-

516 1276 716 1345 torem,
750 1268 886 1329 Act.
915 1268 954 1327 i.
986 1270 1081 1343 20,
1110 1268 1319 1345 partim
1349 1268 1423 1327 ad
1453 1268 1774 1327 obstinatos
1795 1268 2008 1327 Christi
2033 1270 2232 1328 hostes
2259 1268 2518 1345 refertur,
2552 1270 2723 1330 Rom.
2751 1271 2833 1331 xi.
2864 1274 2920 1349 8,

514 1350 573 1420 9,
603 1369 733 1407 cum
761 1349 915 1408 enim
944 1355 1169 1407 constet
1196 1369 1272 1406 ex
1298 1348 1481 1425 ipsius
1511 1348 1723 1407 Christi
1754 1348 2158 1425 declaratione,
2203 1368 2304 1408 eos
2343 1348 2522 1409 fuisse
2562 1351 2838 1427 reprobos
2865 1360 2926 1413 ct

510 1428 664 1487 filios
692 1428 1030 1506 perditionis
1052 1428 1175 1505 jam
1204 1428 1342 1487 olim
1370 1436 1584 1487 aeterno
1623 1428 1803 1487 exitio
1843 1426 2102 1503 devotos,
2154 1448 2230 1488 ex
2275 1448 2346 1488 eo
2393 1428 2560 1488 facile
2607 1438 2768 1509 patet
2806 1452 2926 1490 non

510 1528 680 1584 posse
708 1508 824 1567 dici
852 1528 987 1567 vere
1015 1507 1323 1584 inscriptos
1348 1526 1601 1585 unquam
1633 1507 1828 1583 fuisse,
1877 1507 1993 1567 nisi
2037 1508 2212 1567 scribi
2253 1508 2331 1566 ad
2377 1508 2820 1588 damnationem,
2865 1519 2926 1572 et

508 1588 683 1645 scribi
710 1587 783 1645 ad
812 1588 1010 1661 vitam,
1034 1606 1213 1646 unum
1242 1586 1509 1663 idemque
1531 1606 1658 1645 esse
1687 1586 1877 1645 dicere
1904 1588 2169 1664 velimus,
2200 1588 2356 1665 quod
2383 1614 2680 1648 mon-aun.

590 1666 922 1725 XXXIII.
970 1666 1067 1725 Sic
1094 1666 1335 1743 exponit
1363 1666 1617 1741 August.
1673 1666 1736 1723 in
1788 1666 1847 1725 h.
1889 1666 1930 1726 l.
1972 1669 2291 1727 Deleantur
2331 1671 2400 1727 dc
2440 1670 2583 1728 libro
2609 1669 2919 1747 viventium,

508 1754 563 1803 et
581 1766 705 1803 cum
711 1746 881 1821 justis
896 1766 1009 1805 non
1025 1746 1360 1804 scribantur.
1387 1748 1422 1779 ‘⁶
1437 1746 1688 1819 Fratres,
1713 1765 1828 1804 non
1851 1745 1932 1805 sic
1951 1747 2208 1824 accipere
2226 1747 2520 1825 debemus,
2545 1748 2701 1826 quod
2723 1768 2922 1826 quem·

507 1843 683 1902 quam
732 1826 893 1884 Deus
942 1824 1155 1883 scribat
1198 1824 1259 1882 in
1304 1823 1454 1883 libro
1502 1824 1642 1883 vitae
1668 1832 1728 1883 et
1754 1824 1946 1884 deleat
1971 1826 2155 1885 illum.
2244 1826 2310 1886 Si
2353 1828 2527 1887 homo
2574 1828 2740 1904 dixit,
2772 1832 2928 1905 quod

506 1904 722 1981 scripsi,
751 1904 968 1981 scripsi,
1019 1904 1093 1963 de
1120 1904 1289 1964 titulo
1330 1904 1431 1962 ubi
1476 1904 1753 1982 scriptiun
1794 1914 1918 1964 erat
1963 1924 2068 1964 rex
2110 1906 2155 1965 J
2157 1906 2470 1984 udaeorum,
2518 1910 2679 1967 Deus
2719 1928 2918 1985 quem·

507 2002 683 2061 quam
727 1983 928 2043 scribit
954 1992 1013 2042 et
1040 1984 1240 2042 delet?
1282 1984 1567 2042 Praescius
1594 1992 1717 2059 est3
1747 1984 2182 2062 praedestinavit
2209 2006 2409 2046 omnes
2457 1996 2590 2047 ante
2637 1987 2916 2048 constitu-

507 2063 725 2123 tionem
752 2062 955 2123 mundi
982 2070 1323 2141 regnaturos
1340 2083 1471 2123 cum
1495 2063 1648 2122 Filio
1677 2083 1781 2122 suo
1809 2064 1871 2121 in
1898 2064 2020 2124 vita
2046 2072 2261 2125 aeterna
2283 2088 2297 2143 ;
2318 2067 2425 2126 hos
2453 2086 2599 2145 quos
2627 2068 2916 2145 conscrip-

506 2143 599 2217 sit,
632 2144 789 2221 ipsos
818 2144 1073 2203 continet
1112 2142 1262 2202 liber
1288 2142 1483 2202 vitae.''
1550 2143 1630 2201 Et
1657 2143 1828 2220 paulo
1858 2151 2005 2220 post,
2055 2146 2090 2179 ‘⁴
2111 2145 2220 2205 Isti
2263 2166 2404 2224 ergo
2447 2147 2738 2224 quomodo
2781 2146 2916 2207 inde

506 2222 788 2299 delentur,
838 2222 943 2282 ubi
986 2241 1281 2300 nunquam
1336 2222 1535 2300 scripti
1583 2232 1720 2281 sunt
1738 2226 1767 2282 Ρ
1809 2223 1942 2281 Hoc
1979 2223 2199 2283 dictum
2245 2235 2336 2286 est
2381 2226 2698 2285 secundum
2753 2246 2912 2304 spem

506 2302 779 2378 ipsorum,
810 2302 947 2380 quia
974 2302 1056 2360 ibi
1085 2321 1147 2361 se
1176 2302 1419 2379 scriptos
1446 2302 1744 2379 putabant.
1829 2302 1984 2377 Quid
2009 2311 2099 2363 est
2126 2307 2420 2365 deleantur
2466 2310 2536 2364 de
2563 2307 2704 2365 libro
2733 2306 2858 2366 vitoe
2883 2306 2914 2363 ἓ

510 2382 594 2441 Ut
620 2382 762 2459 ipsis
791 2390 1016 2441 constet
1041 2402 1159 2440 non
1185 2382 1319 2441 illos
1345 2382 1430 2440 ibi
1456 2401 1599 2458 esse,
1631 2379 1740 2441 &c
1825 2383 1975 2442 Nam
2003 2402 2207 2443 versus
2247 2385 2350 2462 qui
2390 2387 2650 2463 sequitur
2675 2386 2916 2463 exponit

503 2460 661 2537 quod
689 2461 905 2520 dictum
936 2468 1041 2537 est,
1072 2470 1129 2521 et
1150 2482 1275 2520 cum
1299 2462 1471 2537 justu‘s
1510 2482 1623 2520 non
1662 2461 1998 2521 scribantur.
2083 2463 2251 2524 Dixit
2288 2485 2428 2543 ergo
2475 2466 2777 2525 deleantur
2823 2484 2912 2525 se-

504 2539 757 2599 cundum
784 2560 945 2618 spem
973 2540 1245 2618 ipsorum,
1278 2540 1594 2601 secundum
1620 2550 1815 2601 autem
1843 2542 2171 2619 aequitatem
2201 2551 2376 2621 tuam,
2407 2544 2548 2623 quid
2576 2544 2707 2604 dico
2727 2548 2756 2604 Ρ
2795 2565 2912 2604 non

505 2619 887 2696 scribantur,”
918 2618 1027 2679 Sic.
1112 2621 1207 2678 Ex
1235 2620 1447 2698 quibus
1466 2628 1694 2680 constat
1710 2621 2056 2681 deletionem
2072 2622 2183 2700 ipsi
2203 2623 2350 2681 nihil
2377 2624 2537 2684 aliud
2562 2644 2707 2701 esse,
2738 2644 2914 2701 quam

502 2698 1022 2759 manifestationem
1048 2719 1166 2760 non
1193 2700 1599 2778 inscriptioniS,
1627 2720 1730 2760 seu
1750 2702 2112 2779 negationem
2144 2702 2490 2780 scriptionis.
2537 2756 2542 2761 .
2577 2703 2640 2763 Si
2666 2724 2910 2781 quaeras,

502 2798 606 2838 cur
666 2779 961 2857 Scriptura
1012 2781 1125 2839 hoc
1178 2782 1357 2841 verbo
1407 2779 1639 2839 delendi
1683 2788 1897 2857 utatur,
1949 2782 1998 2841 si
2044 2802 2338 2860 nunquam
2389 2784 2588 2862 scripti
2639 2784 2916 2843 fuerunt?

503 2859 679 2937 Resp.
708 2860 819 2919 hoc
846 2859 977 2919 ideo
1004 2858 1147 2935 fieri,
1176 2861 1313 2938 quia
1340 2880 1456 2919 non
1484 2880 1711 2938 semper
1732 2881 1807 2920 ex
1835 2861 1918 2921 rei
1945 2862 2205 2937 veritate,
2236 2864 2339 2921 sed
2361 2864 2436 2923 ad
2455 2863 2746 2923 hominem
2772 2889 2913 2923 κατι

500 2935 645 3011 δοξαν
669 2940 943 3017 loquitur,
966 2942 1141 3019 juxta
1161 2960 1368 2999 vanam
1391 2941 1821 3018 hypocritarum
1841 2942 2362 3020 praesumptionem,
2391 2944 2490 3001 vel
2517 2944 2759 3003 aliorum
2787 2944 2908 3022 opi·

499 3021 807 3096 nationem,
838 3018 1129 3098 quomodo
1158 3020 1369 3080 Matth.
1398 3020 1480 3081 ix.
1516 3022 1608 3080 12.
1695 3022 1974 3081 Pharisaei
2000 3030 2284 3081 vocantur
2317 3023 2460 3099 sani,
2481 3024 2720 3100 quinon
2737 3030 2911 3101 egent

498 3098 739 3174 medion,
770 3120 887 3158 non
908 3099 1065 3177 quod
1092 3100 1239 3161 tales
1260 3108 1469 3175 essent,
1514 3100 1618 3159 sed
1659 3100 1818 3178 quod
1842 3102 1990 3161 tales
2031 3120 2093 3160 se
2132 3102 2437 3179 jactarent,
2469 3103 2610 3162 Luc.
2653 3103 2819 3161 xviii.
2849 3105 2907 3162 9.

502 3178 597 3236 Ita
626 3179 835 3237 Matth.
866 3179 989 3236 xiii.
1026 3182 1118 3253 12,
1166 3183 1203 3214 ‘⁴
1222 3180 1321 3237 Illi
1361 3180 1462 3257 qui
1490 3180 1636 3239 nihil
1662 3180 1854 3255 habet,
1899 3181 2074 3239 etiam
2101 3180 2260 3258 quod
2286 3182 2462 3243 habet
2488 3182 2562 3241 ab
2591 3202 2660 3242 eo
2687 3182 2906 3241 aufere·

500 3257 652 3314 tur.'’
725 3256 1041 3330 Quomodo,
1075 3258 1124 3315 si
1152 3258 1298 3316 nihil
1322 3259 1499 3317 habet
1518 3261 1547 3317 Ρ
1585 3258 1649 3316 id
1690 3267 1794 3335 est,
1840 3260 2149 3338 interprete
2172 3261 2314 3321 Luc.
2357 3262 2481 3322 viii.
2513 3265 2606 3337 18,
2653 3262 2909 3321 “Etiam

500 3334 657 3411 quod
684 3334 916 3393 videtur
940 3335 1211 3396 habere.'’
1298 3337 1396 3396 Sic
1423 3337 1602 3396 deleri
1625 3337 1908 3414 dicuntur,
1940 3340 2077 3416 quia
2103 3341 2200 3399 vel
2218 3340 2328 3400 sibi
2364 3341 2463 3402 vel
2489 3342 2618 3401 aliis
2645 3340 2822 3399 inscri
2862 3340 2910 3399 ti

498 3413 864 3472 videbantur.
946 3414 1145 3491 Atque
1182 3415 1278 3475 hic
1324 3415 1764 3491 observandum,
1812 3418 1969 3496 quod
2015 3426 2081 3479 ut
2131 3420 2394 3480 Ecclesia
2436 3420 2717 3498 distingui
2761 3440 2825 3479 so
2850 3428 2909 3479 et

492 3492 668 3570 juxta
694 3492 983 3570 duplicem
1011 3518 1195 3571 σχισιιι,
1220 3496 1317 3553 vel
1344 3504 1409 3553 ut
1436 3503 1525 3555 est
1551 3495 1774 3555 visibilis
1815 3505 2168 3576 vocatorum,
2211 3500 2312 3559 vel
2349 3501 2631 3561 invisibilis
2656 3500 2906 3579 praedes-

498 3574 847 3648 tinatorum;
890 3572 974 3631 ita
1000 3573 1217 3651 duplex
1260 3582 1450 3652 potest
1488 3575 1601 3635 dici
1643 3576 1807 3653 liber,
1840 3578 1934 3637 cui
1988 3578 2250 3639 homines
2304 3581 2710 3657 inscribuntur,
2770 3580 2908 3639 liber

496 3652 797 3712 vocationis
824 3662 1087 3729 externoe,
1130 3655 1192 3713 in
1232 3674 1347 3731 quo
1390 3656 1831 3717 conscribuntur
1855 3666 2141 3735 quotquot
2167 3668 2404 3719 externe
2433 3667 2730 3735 vocantur,
2759 3667 2821 3718 et
2848 3659 2908 3717 in

499 3732 819 3792 Ecclesiam
858 3732 1147 3793 visibilem
1191 3734 1561 3812 recipiuntur,
1591 3744 1652 3795 et
1679 3738 1816 3796 liber
1841 3739 2356 3813 praedestinationis
2409 3750 2647 3815 aeternoe,
2699 3739 2761 3797 in
2787 3758 2905 3815 quo

498 3813 659 3873 Deus
687 3812 949 3872 inscribit
974 3813 1077 3890 qui
1107 3814 1197 3873 sui
1224 3823 1377 3873 sunt.
1449 3814 1619 3875 Illius
1649 3816 1883 3895 scriptio
1925 3826 2015 3877 est
2053 3828 2292 3877 externa
2335 3827 2394 3877 et
2436 3840 2740 3896 apparens,
2772 3838 2904 3895 quae

494 3894 559 3952 fit
585 3912 778 3953 coram
799 3893 1130 3953 hominibus
1150 3894 1343 3971 quoad
1368 3894 1781 3972 professionem
1809 3904 2106 3956 externam
2136 3906 2196 3957 et
2223 3918 2298 3957 ex
2311 3898 2536 3976 judicio
2565 3898 2902 3974 charitatis;

489 3973 658 4033 istius
686 3992 825 4031 vero
854 3973 1077 4032 interna
1104 3980 1163 4033 et
1188 3975 1361 4033 realis
1386 3974 1449 4032 in
1478 3976 1589 4035 Dei
1618 3976 1849 4036 decreto
1897 3996 1974 4035 ex
2016 3977 2101 4036 rei
2127 3978 2390 4037 veritate.
2476 3979 2634 4037 Huic
2682 3977 2902 4055 duplici

489 4052 849 4130 inscriptioni
895 4052 1116 4131 duplex
1163 4054 1471 4131 opponitur
1510 4054 1740 4131 deleti0,
1772 4055 1886 4113 alia
1913 4074 2053 4114 vera
2078 4064 2137 4116 et
2176 4058 2347 4116 realis
2389 4066 2617 4117 aeternae
2660 4057 2898 4133 inscrip-

490 4133 681 4209 tionis,
738 4132 853 4191 alia
908 4142 1150 4193 externa
1192 4142 1417 4193 tantum
1460 4134 1668 4194 fucatas
1713 4144 1772 4194 et
1817 4136 2194 4213 temporariae.
2261 4137 2384 4196 Ista
2422 4146 2616 4215 potest
2669 4136 2795 4195 dari
2842 4144 2903 4199 et

490 4232 641 4289 saepe
665 4211 849 4288 datur,
894 4212 994 4270 illa
1022 4234 1160 4271 vero
1189 4233 1517 4292 nunquam;
1560 4214 1686 4292 pari
1733 4215 1906 4291 plane
1989 4223 2136 4290 act0,
2167 4236 2284 4292 quo
2313 4216 2593 4294 ChristuS,
2624 4217 2670 4276 J
2671 4216 2766 4275 oh.
2795 4236 2898 4275 xv.

490 4297 546 4367 2,
578 4293 660 4351 ait
688 4295 724 4325 “
746 4311 971 4352 omnem
1000 4294 1295 4370 palmitem
1324 4294 1385 4352 in
1412 4313 1473 4353 se
1495 4314 1611 4353 non
1634 4293 1909 4354 serentem
1955 4302 2150 4355 ructus
2173 4296 2565 4373 tollere,'’non
2586 4295 2744 4373 quod
2765 4316 2902 4355 vero

492 4390 744 4446 unquam
787 4372 919 4429 talis
968 4374 1197 4432 Christo
1246 4374 1454 4433 insitus
1492 4372 1681 4449 fuerit,
1729 4373 1832 4432 sed
1859 4374 1996 4451 quia
2023 4376 2106 4434 ita
2131 4376 2455 4437 videbatur.
2520 4376 2806 4435 Nimirum
2835 4384 2902 4435 ut

493 4448 709 4525 duplex
737 4458 929 4525 potest
955 4471 1081 4511 esse
1120 4453 1318 4527 insitiO,
1363 4452 1477 4512 alia
1524 4464 1772 4513 eaetcrnoe
1805 4456 2190 4531 professionis,
2236 4456 2425 4532 qualis
2453 4466 2542 4516 est
2569 4456 2897 4534 hypocrita-

491 4546 620 4585 rum
646 4534 707 4585 et
734 4530 1218 4607 temporariorum,
1250 4533 1365 4591 alia
1406 4533 1639 4593 interme
1679 4534 2089 4610 communionis,
2130 4536 2318 4611 qualis
2347 4544 2436 4595 est
2463 4556 2729 4595 verorum
2758 4536 2898 4595 fide-

490 4608 651 4683 lium,
696 4606 779 4665 ita
818 4605 1035 4685 duplex
1076 4609 1244 4671 datur
1284 4613 1579 4689 resecatiO,
1631 4613 1747 4673 alia
1795 4613 1868 4671 ab
1916 4613 2141 4675 interna
2188 4616 2590 4678 communione
2644 4616 2900 4693 corporis
